Income (Quarterly),2019-12,2019-09,2019-06,2019-03,2018-12,2018-09,2018-06,2018-03,2017-12,2017-09,2017-06,2017-03,2016-12,2016-09,2016-06,2016-03,2015-12,2015-09,2015-06,2015-03,2014-12,2014-09,2014-06,2014-03,2013-12,2013-09,2013-06,2013-03,2012-12,2012-09,2012-06,2012-03,2011-12,2011-09,2011-06,2011-03,2010-12,2010-09,2010-06,2010-03,2009-12,2009-09,2009-06,2009-03,2008-12,2008-09,2008-06,2008-03,2007-12,2007-09,2007-06,2007-03,2006-12,2006-09,2006-06,2006-03,2005-12,2005-09,2005-06,2005-03,2004-12,2004-09,2004-06,2004-03,2003-12,2003-09,2003-06,2003-03,2002-12,2002-09,2002-06,2002-03,2001-12,2001-09,2001-06,2001-03,2000-12,2000-09,2000-06,2000-03,1999-12,1999-09,1999-06,1999-03,1998-12,1998-09,1998-06,1998-03,1997-12,1997-09,1997-06,1997-03,1996-12,1996-09,1996-06,1996-03,1995-12,1995-09,1995-06,1995-03,1994-12,1994-09,1994-06,1994-03,1993-12,1993-09,1993-06,1993-03,1992-12,1992-09,1992-06,1992-03,1991-12,1991-09,1991-06,1991-03,1990-12,1990-09,1990-06,1990-03,1989-12,1989-09,1989-06,1989-03,1988-12,1988-09,1988-06,1988-03,1987-12,1987-09,1987-06,1987-03,1986-12,1986-09,1986-06,1986-03,1985-12,1985-09,1985-06,1985-03,1984-12,1984-09,1984-06,1984-03
Operating Revenue,7.708B,7.756B,7.953B,9.15B,9.666B,9.449B,8.504B,8.798B,8.119B,6.688B,6.781B,7.518B,6.809B,6.415B,5.348B,5.121B,6.293B,7.262B,8.293B,7.716B,11.21B,12.08B,13.82B,15.42B,13.25B,13.64B,13.35B,14.17B,15.57B,14.14B,13.66B,14.59B,14.56B,16.51B,17.26B,56.61B,-81.59B,47.15B,45.79B,44.82B,42.98B,40.17B,35.45B,30.86B,44.50B,70.04B,71.41B,54.88B,52.68B,46.06B,47.37B,41.32B,41.52B,48.08B,47.15B,46.91B,51.26B,48.74B,41.81B,33.48B,35.10B,30.27B,27.36B,25.99B,22.29B,22.52B,21.93B,23.79B,20.25B,13.00B,9.595B,7.667B,9.937B,5.428B,4.849B,4.868B,5.199B,5.109B,5.331B,4.735B,4.239B,3.739B,3.172B,2.421B,2.598B,2.89B,2.964B,3.093B,3.713B,3.844B,3.709B,3.944B,4.347B,3.852B,3.937B,3.595B,3.321B,3.369B,3.591B,3.087B,3.017B,3.315B,2.995B,2.884B,2.754B,3.192B,3.28B,3.083B,3.157B,3.134B,3.09B,2.759B,3.372B,3.109B,3.254B,3.524B,4.437B,3.426B,2.98B,3.132B,3.146B,3.03B,3.299B,3.102B,2.86B,2.85B,2.881B,2.90B,2.736B,2.764B,2.609B,2.491B,2.146B,2.19B,2.339B,3.113B,3.739B,3.988B,3.959B,3.988B,3.516B,3.87B,4.054B,3.96B
Revenue,7.708B,7.756B,7.953B,9.15B,9.666B,9.449B,8.504B,8.798B,8.119B,6.688B,6.781B,7.518B,6.809B,6.415B,5.348B,5.121B,6.293B,7.262B,8.293B,7.716B,11.21B,12.08B,13.82B,15.42B,13.25B,13.64B,13.35B,14.17B,15.57B,14.14B,13.66B,14.59B,14.17B,16.25B,17.29B,57.23B,-86.26B,48.54B,49.04B,44.89B,42.98B,40.17B,35.45B,31.24B,39.56B,71.37B,73.35B,56.55B,54.30B,47.93B,49.40B,41.32B,42.54B,49.58B,48.48B,47.93B,52.17B,49.66B,42.61B,38.92B,35.10B,30.27B,31.89B,30.22B,36.08B,22.91B,25.57B,27.07B,26.67B,13.17B,10.46B,8.48B,9.912B,5.439B,5.428B,4.904B,7.112B,5.225B,5.434B,4.768B,4.313B,3.769B,3.231B,2.539B,2.678B,2.913B,3.00B,3.254B,3.772B,3.895B,3.763B,3.994B,4.333B,3.897B,3.975B,3.602B,3.346B,3.415B,3.636B,3.124B,3.068B,3.347B,3.028B,2.924B,2.99B,3.192B,3.28B,3.083B,3.157B,3.134B,3.09B,2.759B,3.372B,3.109B,3.254B,3.524B,4.437B,3.426B,2.98B,3.132B,3.146B,3.03B,3.299B,3.102B,2.86B,2.85B,2.881B,2.90B,2.736B,2.764B,2.609B,2.491B,2.146B,2.19B,2.339B,3.113B,3.739B,3.988B,3.959B,3.988B,3.516B,3.87B,4.054B,3.96B
Cost of Goods Sold,5.573B,5.607B,5.582B,6.492B,6.96B,6.391B,5.815B,6.297B,6.392B,5.756B,5.872B,6.462B,6.327B,6.77B,5.776B,5.826B,6.654B,7.374B,7.357B,7.17B,9.988B,8.84B,9.595B,10.91B,9.39B,9.572B,9.025B,9.328B,10.65B,9.644B,9.103B,9.208B,15.49B,9.743B,9.276B,45.00B,-66.30B,36.63B,34.71B,34.05B,35.14B,32.87B,29.53B,22.30B,41.13B,52.93B,54.32B,40.51B,37.31B,33.70B,33.64B,29.47B,27.87B,33.39B,32.28B,35.78B,38.37B,36.63B,30.79B,27.70B,29.24B,25.11B,22.37B,21.54B,19.11B,18.55B,18.36B,19.46B,16.82B,11.11B,8.103B,6.719B,6.355B,3.997B,3.005B,3.146B,2.972B,3.479B,3.826B,3.653B,3.249B,2.826B,2.456B,1.904B,2.214B,2.278B,2.183B,2.303B,2.782B,2.877B,2.841B,3.009B,3.372B,2.989B,3.075B,2.792B,2.647B,2.659B,2.847B,2.37B,2.388B,2.662B,2.413B,2.247B,2.435B,2.594B,2.549B,2.398B,2.448B,2.53B,2.368B,2.166B,2.692B,2.478B,2.602B,2.561B,3.413B,2.571B,2.207B,2.399B,2.537B,2.302B,,,,,,,,,,,,,,,,,,,,,,
Gross Profit,2.135B,2.149B,2.371B,2.658B,2.706B,3.058B,2.689B,2.501B,1.727B,932.00M,909.00M,1.056B,482.00M,-355.00M,-428.00M,-705.00M,-361.00M,-112.00M,936.00M,546.00M,1.22B,3.24B,4.226B,4.501B,3.864B,4.071B,4.325B,4.838B,4.919B,4.497B,4.561B,5.385B,-1.32B,6.509B,8.017B,12.23B,-19.96B,11.91B,14.33B,10.85B,7.844B,7.304B,5.919B,8.934B,-1.562B,18.44B,19.03B,16.04B,16.99B,14.23B,15.76B,11.85B,14.67B,16.20B,16.20B,12.14B,13.80B,13.03B,11.82B,11.22B,5.865B,5.159B,9.52B,8.674B,16.97B,4.362B,7.216B,7.61B,9.846B,2.064B,2.362B,1.761B,3.557B,1.442B,2.423B,1.758B,4.14B,1.746B,1.608B,1.115B,1.064B,943.00M,775.00M,635.00M,464.00M,635.00M,817.00M,951.00M,990.00M,1.018B,922.00M,985.00M,961.00M,908.00M,900.00M,810.00M,699.00M,756.00M,789.00M,754.00M,680.00M,685.00M,615.00M,677.00M,555.00M,598.00M,731.00M,685.00M,709.00M,604.00M,722.00M,593.00M,680.00M,631.00M,652.00M,963.00M,1.024B,855.00M,773.00M,733.00M,609.00M,728.00M,,,,,,,,,,,,,,,,,,,,,,
SG&A Expense,187.00M,87.00M,129.00M,153.00M,65.00M,119.00M,118.00M,99.00M,125.00M,110.00M,95.00M,97.00M,-83.00M,203.00M,167.00M,186.00M,283.00M,293.00M,218.00M,159.00M,132.00M,203.00M,218.00M,182.00M,247.00M,249.00M,193.00M,165.00M,216.00M,329.00M,235.00M,326.00M,269.00M,145.00M,203.00M,499.00M,-566.00M,493.00M,438.00M,444.00M,452.00M,427.00M,476.00M,475.00M,561.00M,513.00M,629.00M,526.00M,1.613B,569.00M,604.00M,527.00M,1.484B,650.00M,610.00M,566.00M,1.218B,612.00M,539.00M,539.00M,426.00M,590.00M,516.00M,468.00M,188.00M,683.00M,603.00M,447.00M,961.00M,880.00M,207.00M,264.00M,432.00M,203.00M,151.00M,160.00M,372.00M,134.00M,178.00M,185.00M,166.00M,150.00M,174.00M,175.00M,279.00M,135.00M,139.00M,144.00M,193.00M,171.00M,135.00M,161.00M,116.00M,132.00M,135.00M,126.00M,137.00M,142.00M,107.00M,114.00M,113.00M,139.00M,116.00M,110.00M,161.00M,119.00M,152.00M,165.00M,121.00M,134.00M,116.00M,238.00M,140.00M,139.00M,135.00M,148.00M,154.00M,133.00M,115.00M,138.00M,147.00M,130.00M,,,,,,,,,,,,,,,,,,,,,,
Special Income and Charges,-297.00M,1.761B,81.00M,16.00M,882.00M,69.00M,90.00M,-5.00M,-93.00M,240.00M,-4.418B,-153.00M,340.00M,-72.00M,66.00M,-113.00M,-1.658B,-6.00M,-26.00M,36.00M,-652.00M,-104.00M,-10.00M,8.00M,-478.00M,1.068B,67.00M,56.00M,-368.00M,118.00M,501.00M,726.00M,49.00M,0.00,-125.00M,-76.00M,7.581B,-159.00M,-1.699B,-241.00M,-265.00M,-56.00M,-51.00M,-107.00M,-33.49B,-281.00M,-115.00M,-110.00M,-236.00M,39.00M,-8.834B,461.00M,-712.00M,-319.00M,-101.00M,-81.00M,-50.00M,-84.00M,-16.00M,145.00M,-555.00M,6.00M,-12.00M,53.00M,47.00M,93.00M,-148.00M,-16.00M,-92.00M,63.00M,6.00M,23.00M,52.00M,24.00M,-33.00M,2.00M,287.00M,-165.00M,-4.00M,-6.00M,-6.00M,-12.00M,-70.00M,97.00M,-661.00M,11.00M,12.00M,135.00M,-135.00M,28.00M,171.00M,20.00M,24.00M,23.00M,16.00M,1.151B,4.00M,8.00M,6.00M,8.00M,29.00M,9.00M,11.00M,63.00M,,,,,,,,,,,,,,,,,,31.00M,,,,,,,,,,,,,,,,,,,,,,
Non Income Taxes,247.00M,237.00M,194.00M,275.00M,280.00M,312.00M,273.00M,183.00M,205.00M,175.00M,198.00M,231.00M,201.00M,161.00M,197.00M,180.00M,246.00M,206.00M,225.00M,224.00M,332.00M,493.00M,612.00M,651.00M,686.00M,664.00M,642.00M,892.00M,878.00M,673.00M,900.00M,1.095B,1.013B,904.00M,1.198B,4.364B,-9.723B,4.227B,4.247B,4.037B,4.145B,4.205B,3.715B,3.464B,4.067B,5.619B,5.796B,5.155B,5.336B,4.583B,4.697B,4.374B,4.526B,4.853B,4.421B,4.387B,4.598B,4.606B,4.664B,333.00M,325.00M,257.00M,256.00M,292.00M,236.00M,227.00M,237.00M,274.00M,220.00M,173.00M,158.00M,150.00M,2.303B,134.00M,150.00M,154.00M,149.00M,139.00M,111.00M,62.00M,59.00M,53.00M,58.00M,61.00M,49.00M,52.00M,60.00M,65.00M,62.00M,65.00M,62.00M,74.00M,63.00M,69.00M,66.00M,66.00M,65.00M,62.00M,69.00M,70.00M,69.00M,71.00M,60.00M,71.00M,64.00M,72.00M,76.00M,71.00M,73.00M,80.00M,79.00M,78.00M,68.00M,64.00M,65.00M,69.00M,63.00M,53.00M,52.00M,62.00M,36.00M,45.00M,,,,,,,,,,,,,,,,,,,,,,
Operating Interest Expense,196.00M,184.00M,165.00M,233.00M,188.00M,186.00M,177.00M,184.00M,226.00M,251.00M,306.00M,315.00M,317.00M,335.00M,312.00M,281.00M,268.00M,240.00M,210.00M,202.00M,173.00M,149.00M,155.00M,171.00M,192.00M,151.00M,139.00M,130.00M,161.00M,161.00M,197.00M,190.00M,225.00M,230.00M,242.00M,262.00M,253.00M,264.00M,349.00M,301.00M,375.00M,336.00M,268.00M,310.00M,,,210.00M,207.00M,,,,,,,,,,,,,,,,,,,,,,,,,,,,,,,,,,,,,,,,,,,,,,,,,,,,,,,,,,,,,,,,,,,,,,,,,,,,,,,,,,,,,,,,,,,,,,,,
Net Operating Interest Income,-30.00M,-184.00M,-165.00M,-233.00M,-91.00M,-186.00M,-177.00M,-184.00M,-114.00M,-251.00M,-306.00M,-315.00M,-260.00M,-335.00M,-312.00M,-281.00M,-223.00M,-240.00M,-210.00M,-202.00M,-90.00M,-149.00M,-155.00M,-171.00M,-79.00M,-151.00M,-139.00M,-130.00M,2.00M,-161.00M,-197.00M,-190.00M,-55.00M,-230.00M,-242.00M,-262.00M,-118.00M,-264.00M,-349.00M,-301.00M,-148.00M,-336.00M,-268.00M,-310.00M,,,-210.00M,-207.00M,,,,,,,,,,,,,,,,,,,,,,,,,,,,,,,,,,,,,,,,,,,,,,,,,,,,,,,,,,,,,,,,,,,,,,,,,,,,,,,,,,,,,,,,,,,,,,,,
Other Operating Expenses,811.00M,184.00M,37.00M,-506.00M,349.00M,-117.00M,-258.00M,235.00M,26.00M,97.00M,142.00M,614.00M,387.00M,455.00M,703.00M,594.00M,2.228B,1.179B,614.00M,574.00M,939.00M,510.00M,436.00M,361.00M,494.00M,370.00M,223.00M,318.00M,293.00M,273.00M,302.00M,720.00M,341.00M,373.00M,264.00M,176.00M,640.00M,252.00M,213.00M,383.00M,658.00M,365.00M,245.00M,356.00M,,,288.00M,266.00M,,,,,,,,,,,,,,,,,,,,,,,,,,,,,,,,,,,,,,,,,,,,,,,,,,,,,,,,,,,,,,,,,,,,,,,,,,,,,,,,,,,,,,,,,,,,,,,,
Total Operating Expenses,1.245B,508.00M,360.00M,-78.00M,694.00M,314.00M,133.00M,517.00M,356.00M,382.00M,435.00M,942.00M,505.00M,819.00M,1.067B,960.00M,2.757B,1.678B,1.057B,957.00M,1.403B,1.206B,1.266B,1.194B,1.427B,1.283B,1.058B,1.375B,1.387B,1.275B,1.437B,2.141B,-3.716B,3.067B,3.511B,7.109B,-16.49B,7.218B,7.178B,7.182B,5.255B,4.997B,4.436B,6.525B,-319.00M,8.493B,8.891B,8.156B,9.155B,7.204B,7.317B,6.925B,8.012B,7.64B,6.996B,6.133B,6.994B,6.267B,6.188B,1.913B,1.781B,1.785B,1.684B,1.678B,1.335B,1.768B,1.697B,1.58B,2.065B,1.601B,760.00M,820.00M,3.124B,639.00M,630.00M,636.00M,842.00M,589.00M,587.00M,481.00M,456.00M,432.00M,454.00M,456.00M,474.00M,457.00M,451.00M,440.00M,428.00M,486.00M,386.00M,418.00M,487.00M,406.00M,388.00M,433.00M,391.00M,394.00M,457.00M,395.00M,380.00M,401.00M,377.00M,385.00M,465.00M,398.00M,428.00M,430.00M,400.00M,423.00M,396.00M,520.00M,798.00M,417.00M,394.00M,409.00M,389.00M,403.00M,376.00M,410.00M,647.00M,384.00M,,,,,,,,,,,,,,,,,,,,,,
Operating Income,890.00M,1.641B,2.011B,2.736B,2.012B,2.744B,2.556B,1.984B,1.371B,550.00M,474.00M,114.00M,-23.00M,-1.174B,-1.495B,-1.665B,-3.118B,-1.79B,-121.00M,-411.00M,-183.00M,2.034B,2.96B,3.307B,2.437B,2.788B,3.267B,3.463B,3.532B,3.222B,3.124B,3.244B,2.396B,3.442B,4.506B,5.117B,-3.466B,4.693B,7.154B,3.664B,2.589B,2.307B,1.483B,2.409B,-1.243B,9.946B,10.14B,7.885B,7.836B,7.029B,8.444B,4.926B,6.657B,8.557B,9.204B,6.012B,6.808B,6.762B,5.635B,9.31B,4.084B,3.374B,7.836B,6.996B,15.63B,2.594B,5.519B,6.03B,7.781B,463.00M,1.602B,941.00M,433.00M,803.00M,1.793B,1.122B,3.298B,1.157B,1.021B,634.00M,608.00M,511.00M,321.00M,179.00M,-10.00M,178.00M,366.00M,511.00M,562.00M,532.00M,536.00M,567.00M,474.00M,502.00M,512.00M,377.00M,308.00M,362.00M,332.00M,359.00M,300.00M,284.00M,238.00M,292.00M,90.00M,200.00M,303.00M,255.00M,309.00M,181.00M,326.00M,73.00M,-118.00M,214.00M,258.00M,554.00M,635.00M,452.00M,397.00M,323.00M,-38.00M,344.00M,3.299B,3.102B,-6.827B,2.85B,2.881B,2.90B,-7.143B,2.764B,2.609B,2.491B,-6.865B,2.19B,2.339B,3.113B,-9.442B,3.988B,3.959B,3.988B,-9.724B,3.87B,4.054B,3.96B
Non-Operating Interest Expense,196.00M,184.00M,165.00M,233.00M,188.00M,186.00M,177.00M,184.00M,226.00M,251.00M,306.00M,315.00M,317.00M,335.00M,312.00M,281.00M,268.00M,240.00M,210.00M,202.00M,173.00M,149.00M,155.00M,171.00M,192.00M,151.00M,139.00M,130.00M,161.00M,161.00M,197.00M,190.00M,225.00M,230.00M,242.00M,262.00M,253.00M,264.00M,349.00M,301.00M,375.00M,336.00M,268.00M,310.00M,,,210.00M,207.00M,,,,,,,,,,,,,,,,,,,,,,,,,,,,,,,,,,,,,,,,,,,,,,,,,,,,,,,,,,,,,,,,,,,,,,,,,,,,,,,,,,,,,,,,,,,,,,,,
Net Non-Operating Interest Income Expense,-30.00M,-184.00M,-165.00M,-233.00M,-91.00M,-186.00M,-177.00M,-184.00M,-114.00M,-251.00M,-306.00M,-315.00M,-260.00M,-335.00M,-312.00M,-281.00M,-223.00M,-240.00M,-210.00M,-202.00M,-90.00M,-149.00M,-155.00M,-171.00M,-79.00M,-151.00M,-139.00M,-130.00M,2.00M,-161.00M,-197.00M,-190.00M,-55.00M,-230.00M,-242.00M,-262.00M,-118.00M,-264.00M,-349.00M,-301.00M,-148.00M,-336.00M,-268.00M,-310.00M,,,-210.00M,-207.00M,,,,,,,,,,,,,,,,,,,,,,,,,,,,,,,,,,,,,,,,,,,,,,,,,,,,,,,,,,,,,,,,,,,,,,,,,,,,,,,,,,,,,,,,,,,,,,,,
Other Income and Expenses,426.00M,2.036B,212.00M,184.00M,751.00M,348.00M,240.00M,-24.00M,68.00M,354.00M,-4.529B,-31.00M,275.00M,-145.00M,163.00M,-278.00M,-1.71B,289.00M,240.00M,257.00M,-48.00M,668.00M,655.00M,562.00M,200.00M,1.768B,568.00M,454.00M,88.00M,530.00M,1.018B,1.211B,195.00M,393.00M,250.00M,941.00M,6.001B,845.00M,-611.00M,627.00M,298.00M,942.00M,723.00M,-107.00M,-32.99B,933.00M,-115.00M,-110.00M,1.102B,1.353B,-7.328B,1.39B,156.00M,877.00M,1.063B,879.00M,781.00M,788.00M,685.00M,1.198B,0.00,395.00M,310.00M,322.00M,198.00M,279.00M,8.00M,33.00M,31.00M,152.00M,35.00M,43.00M,-13.00M,9.00M,61.00M,29.00M,216.00M,-87.00M,82.00M,15.00M,31.00M,4.00M,-43.00M,118.00M,-648.00M,23.00M,36.00M,161.00M,-107.00M,61.00M,206.00M,50.00M,-14.00M,45.00M,38.00M,1.149B,25.00M,46.00M,45.00M,37.00M,51.00M,32.00M,33.00M,80.00M,,,,,,,,,,,,,,,,,,31.00M,,,,,,,,,,,,,,,,,,,,,,
Net Interest Income,-30.00M,-184.00M,-165.00M,-233.00M,-91.00M,-186.00M,-177.00M,-184.00M,-114.00M,-251.00M,-306.00M,-315.00M,-260.00M,-335.00M,-312.00M,-281.00M,-223.00M,-240.00M,-210.00M,-202.00M,-90.00M,-149.00M,-155.00M,-171.00M,-79.00M,-151.00M,-139.00M,-130.00M,2.00M,-161.00M,-197.00M,-190.00M,-55.00M,-230.00M,-242.00M,-262.00M,-118.00M,-264.00M,-349.00M,-301.00M,-148.00M,-336.00M,-268.00M,-310.00M,,,-210.00M,-207.00M,,,,,,,,,,,,,,,,,,,,,,,,,,,,,,,,,,,,,,,,,,,,,,,,,,,,,,,,,,,,,,,,,,,,,,,,,,,,,,,,,,,,,,,,,,,,,,,,
Pre-Tax Income,1.286B,3.493B,2.058B,2.687B,2.672B,2.906B,2.619B,1.776B,1.325B,653.00M,-4.361B,-232.00M,-8.00M,-1.654B,-1.644B,-2.224B,-5.051B,-1.741B,-91.00M,-356.00M,-321.00M,2.553B,3.46B,3.698B,2.558B,4.405B,3.696B,3.787B,3.622B,3.591B,3.945B,4.265B,2.536B,3.605B,4.514B,5.796B,2.417B,5.274B,6.194B,3.99B,2.739B,2.913B,1.938B,1.992B,-29.67B,9.467B,9.812B,7.568B,7.324B,6.364B,3.518B,6.066B,5.917B,7.937B,8.682B,5.797B,6.621B,6.554B,5.432B,4.94B,4.275B,3.66B,3.47B,2.964B,1.678B,2.31B,1.781B,2.569B,1.121B,312.00M,657.00M,51.00M,312.00M,713.00M,1.207B,1.018B,1.38B,938.00M,888.00M,542.00M,488.00M,414.00M,184.00M,99.00M,-458.00M,108.00M,319.00M,452.00M,399.00M,466.00M,542.00M,493.00M,413.00M,435.00M,443.00M,881.00M,234.00M,291.00M,256.00M,283.00M,229.00M,234.00M,161.00M,228.00M,9.00M,122.00M,224.00M,183.00M,213.00M,89.00M,242.00M,-33.00M,-241.00M,106.00M,155.00M,431.00M,485.00M,316.00M,233.00M,153.00M,-304.00M,219.00M,,,,,,,,,,,,,,,,,,,,,,
Provision for Income Taxes,543.00M,422.00M,461.00M,841.00M,794.00M,1.033B,965.00M,876.00M,-273.00M,217.00M,-935.00M,-831.00M,11.00M,-628.00M,-586.00M,-768.00M,-1.614B,-685.00M,73.00M,-642.00M,-297.00M,904.00M,1.395B,1.581B,1.05B,1.966B,1.63B,1.763B,1.78B,1.851B,2.225B,2.086B,1.46B,2.11B,2.214B,2.754B,1.476B,2.205B,2.011B,1.878B,1.425B,1.426B,1.063B,1.176B,1.374B,4.279B,4.356B,3.41B,2.953B,2.691B,3.217B,2.52B,2.72B,4.061B,3.496B,2.506B,2.839B,2.75B,2.301B,2.017B,1.795B,1.649B,1.457B,1.361B,692.00M,1.061B,685.00M,1.306B,563.00M,386.00M,345.00M,149.00M,184.00M,344.00M,588.00M,528.00M,650.00M,512.00M,446.00M,292.00M,238.00M,193.00M,116.00M,29.00M,-248.00M,62.00M,161.00M,209.00M,190.00M,250.00M,235.00M,266.00M,213.00M,248.00M,222.00M,186.00M,125.00M,155.00M,143.00M,172.00M,67.00M,115.00M,85.00M,101.00M,-11.00M,81.00M,101.00M,122.00M,58.00M,-10.00M,138.00M,55.00M,-64.00M,50.00M,122.00M,245.00M,248.00M,138.00M,128.00M,132.00M,-49.00M,132.00M,,,,,,,,,,,,,,,,,,,,,,
Income from Continuing Operations,743.00M,3.071B,1.597B,1.846B,1.878B,1.873B,1.654B,900.00M,1.598B,436.00M,-3.426B,599.00M,-19.00M,-1.026B,-1.058B,-1.456B,-3.437B,-1.056B,-164.00M,286.00M,-24.00M,1.649B,2.065B,2.117B,1.508B,2.439B,2.066B,2.024B,1.842B,1.74B,1.72B,2.179B,1.076B,1.495B,2.30B,3.042B,941.00M,3.069B,4.183B,2.112B,1.314B,1.487B,875.00M,816.00M,-31.04B,5.188B,5.456B,4.158B,4.371B,3.673B,301.00M,3.546B,3.197B,3.876B,5.186B,3.291B,3.782B,3.804B,3.131B,2.923B,2.48B,2.011B,2.013B,1.603B,986.00M,1.249B,1.096B,1.263B,558.00M,-74.00M,312.00M,-98.00M,128.00M,369.00M,619.00M,490.00M,730.00M,426.00M,442.00M,250.00M,250.00M,221.00M,68.00M,70.00M,-210.00M,46.00M,158.00M,243.00M,209.00M,216.00M,307.00M,227.00M,200.00M,187.00M,221.00M,695.00M,109.00M,136.00M,113.00M,111.00M,162.00M,119.00M,76.00M,127.00M,20.00M,41.00M,123.00M,61.00M,155.00M,99.00M,104.00M,-88.00M,-177.00M,56.00M,33.00M,186.00M,237.00M,178.00M,105.00M,21.00M,-255.00M,87.00M,197.00M,190.00M,135.00M,215.00M,170.00M,130.00M,33.00M,31.00M,3.00M,-32.00M,17.00M,113.00M,8.00M,96.00M,344.00M,36.00M,110.00M,106.00M,169.00M,217.00M,231.00M,193.00M
Income from Discontinued Operations,,,,,,,,,,,,,,,,,,,,,0.00,1.078B,33.00M,20.00M,995.00M,57.00M,-3.00M,129.00M,-401.00M,73.00M,569.00M,776.00M,2.334B,1.136B,1.119B,,,,,,,,,,,,,,,,,,,,,,-15.00M,-4.00M,7.00M,-11.00M,-48.00M,-5.00M,62.00M,13.00M,36.00M,57.00M,91.00M,53.00M,-986.00M,-42.00M,39.00M,-4.00M,24.00M,5.00M,,,,,,,,,,,,,,,,,,,,,,,,,,,,,,,,,,,,,,,,,,,,,,,,,,,,,,,,,,,,,,,,,,,,,,
"Extraordinary Items, Income Statement",,,,,,,,,,,,,,,,,,,,,,,,,,,,,,,,,,,,,,,,,,,,,,,,,,,,,,,,,,,,,,,,,18.00M,,,-95.00M,,,,,0.00,,,,,,,,,,,,,,,,,,,,,,,,,,,,,,,,,,,,,,,,,,,,0.00,,,137.00M,,,,,,,,,,,,,,,,,,,,,,,,
Income Attributable to Minority Interest,-23.00M,-15.00M,-17.00M,-13.00M,-10.00M,-12.00M,-14.00M,-12.00M,-19.00M,-16.00M,-14.00M,-13.00M,-16.00M,-14.00M,-13.00M,-13.00M,-13.00M,-15.00M,-15.00M,-14.00M,-15.00M,-23.00M,-17.00M,-14.00M,-16.00M,-16.00M,-13.00M,-14.00M,-15.00M,-15.00M,-22.00M,-18.00M,-20.00M,-15.00M,-17.00M,-14.00M,-12.00M,-14.00M,-19.00M,-14.00M,-29.00M,-17.00M,-16.00M,-16.00M,-19.00M,-15.00M,-17.00M,-19.00M,-22.00M,-25.00M,-19.00M,-21.00M,-16.00M,-21.00M,-21.00M,-18.00M,-12.00M,-6.00M,-5.00M,-10.00M,-3.00M,-8.00M,-7.00M,-14.00M,,,-6.00M,-7.00M,,,,,,,,,,,,,,,,,,,,,,,,,,,,,,,,,,,,,,,,,,,,,,,,,,,,,,,,,,,,,,,,,,,,,,,,,,,,
Net Income,720.00M,3.056B,1.58B,1.833B,1.868B,1.861B,1.64B,888.00M,1.579B,420.00M,-3.44B,586.00M,-35.00M,-1.04B,-1.071B,-1.469B,-3.45B,-1.071B,-179.00M,272.00M,-39.00M,2.704B,2.081B,2.123B,2.487B,2.48B,2.05B,2.139B,1.426B,1.798B,2.267B,2.937B,3.39B,2.616B,3.402B,3.028B,2.041B,3.055B,4.164B,2.098B,1.285B,1.47B,859.00M,800.00M,-31.12B,5.188B,5.439B,4.139B,4.371B,3.673B,301.00M,3.546B,3.197B,3.876B,5.186B,3.291B,3.679B,3.80B,3.138B,2.912B,2.432B,2.006B,2.075B,1.616B,1.04B,1.306B,1.187B,1.221B,-428.00M,-116.00M,351.00M,-102.00M,162.00M,364.00M,619.00M,490.00M,744.00M,426.00M,442.00M,250.00M,250.00M,221.00M,68.00M,70.00M,-210.00M,46.00M,158.00M,243.00M,209.00M,216.00M,307.00M,227.00M,200.00M,187.00M,221.00M,695.00M,109.00M,136.00M,113.00M,111.00M,162.00M,119.00M,76.00M,127.00M,20.00M,41.00M,121.00M,61.00M,91.00M,99.00M,104.00M,-114.00M,26.00M,56.00M,16.00M,160.00M,237.00M,178.00M,105.00M,259.00M,-255.00M,87.00M,197.00M,190.00M,135.00M,215.00M,170.00M,130.00M,33.00M,31.00M,3.00M,-32.00M,17.00M,113.00M,8.00M,96.00M,344.00M,36.00M,110.00M,106.00M,169.00M,217.00M,231.00M,193.00M
Normalized Income,497.35M,1.488B,1.539B,1.830B,1.538B,1.820B,1.566B,913.55M,1.639B,262.55M,60.49M,683.80M,-257.60M,-987.30M,-1.124B,-1.385B,-2.308B,-1.111B,-168.20M,240.80M,330.85M,1.688B,2.058B,2.110B,1.787B,1.735B,2.005B,1.950B,2.082B,1.648B,1.380B,1.692B,991.00M,1.512B,2.364B,3.077B,-3.999B,3.158B,5.311B,2.255B,1.446B,1.495B,799.85M,869.55M,-9.349B,5.371B,5.514B,4.210B,4.513B,3.648B,6.043B,3.246B,3.624B,4.067B,5.247B,3.340B,3.812B,3.854B,3.141B,2.836B,2.813B,2.007B,2.020B,1.571B,957.80M,1.193B,1.187B,1.273B,613.20M,-111.80M,308.40M,-111.80M,96.80M,354.60M,638.80M,488.80M,557.80M,525.00M,444.40M,253.60M,253.60M,228.20M,110.00M,1.414M,186.60M,39.40M,150.80M,162.00M,290.00M,199.20M,204.40M,215.00M,185.60M,173.20M,211.40M,-213.00M,106.60M,131.20M,109.40M,106.20M,141.48M,113.60M,69.40M,89.20M,20.00M,41.00M,123.00M,61.00M,155.00M,99.00M,104.00M,-88.00M,-177.00M,56.00M,33.00M,186.00M,237.00M,178.00M,105.00M,21.00M,-255.00M,68.40M,,,,,,,,,,,,,,,,,,,,,,
EBITDA,2.97B,5.243B,3.713B,4.466B,4.472B,4.586B,4.234B,3.372B,3.184B,2.512B,-2.43B,2.062B,2.37B,1.106B,997.00M,304.00M,-2.401B,770.00M,2.448B,1.977B,2.123B,4.798B,5.685B,5.761B,4.643B,6.458B,5.667B,5.724B,5.562B,5.402B,5.722B,6.026B,3.93B,5.799B,6.602B,8.128B,3.83B,7.784B,8.823B,6.609B,5.505B,5.576B,4.553B,4.532B,-27.59B,12.31B,12.20B,9.984B,10.04B,9.081B,10.46B,6.95B,8.659B,10.69B,11.17B,7.192B,7.986B,7.811B,6.62B,10.35B,5.114B,4.312B,8.748B,7.914B,16.54B,3.452B,6.376B,6.889B,8.665B,1.011B,1.997B,1.347B,822.00M,1.107B,2.122B,1.444B,3.619B,1.473B,1.319B,868.00M,839.00M,740.00M,543.00M,399.00M,136.00M,448.00M,618.00M,742.00M,735.00M,782.00M,725.00M,750.00M,782.00M,707.00M,699.00M,618.00M,497.00M,552.00M,613.00M,570.00M,498.00M,475.00M,439.00M,496.00M,330.00M,407.00M,503.00M,449.00M,515.00M,390.00M,527.00M,277.00M,472.00M,428.00M,452.00M,746.00M,807.00M,669.00M,606.00M,533.00M,426.00M,553.00M,3.299B,3.102B,-6.827B,2.85B,2.881B,2.90B,-7.143B,2.764B,2.609B,2.491B,-6.865B,2.19B,2.339B,3.113B,-9.442B,3.988B,3.959B,3.988B,-9.724B,3.87B,4.054B,3.96B
Reconciled Depreciation,1.488B,1.566B,1.49B,1.546B,1.612B,1.494B,1.438B,1.412B,1.633B,1.608B,1.625B,1.979B,2.061B,2.425B,2.329B,2.247B,2.382B,2.271B,2.329B,2.131B,2.271B,2.096B,2.07B,1.892B,1.893B,1.902B,1.832B,1.807B,1.779B,1.65B,1.58B,1.571B,1.169B,1.964B,1.624B,2.07B,1.16B,2.246B,2.28B,2.318B,2.391B,2.327B,2.347B,2.23B,2.264B,2.361B,2.178B,2.209B,2.206B,2.052B,2.016B,2.024B,2.002B,2.137B,1.965B,1.18B,1.178B,1.049B,985.00M,1.041B,1.03B,938.00M,912.00M,918.00M,911.00M,858.00M,857.00M,859.00M,884.00M,548.00M,385.00M,406.00M,389.00M,304.00M,329.00M,322.00M,321.00M,316.00M,298.00M,234.00M,231.00M,229.00M,222.00M,220.00M,146.00M,270.00M,252.00M,231.00M,173.00M,250.00M,189.00M,183.00M,308.00M,205.00M,187.00M,241.00M,189.00M,190.00M,281.00M,211.00M,198.00M,191.00M,201.00M,204.00M,240.00M,207.00M,200.00M,194.00M,206.00M,209.00M,201.00M,204.00M,590.00M,214.00M,194.00M,192.00M,172.00M,217.00M,209.00M,210.00M,464.00M,209.00M,,,,,,,,,,,,,,,,,,,,,,
EBIT,1.482B,3.677B,2.223B,2.92B,2.86B,3.092B,2.796B,1.96B,1.551B,904.00M,-4.055B,83.00M,309.00M,-1.319B,-1.332B,-1.943B,-4.783B,-1.501B,119.00M,-154.00M,-148.00M,2.702B,3.615B,3.869B,2.75B,4.556B,3.835B,3.917B,3.783B,3.752B,4.142B,4.455B,2.761B,3.835B,4.756B,6.058B,2.67B,5.538B,6.543B,4.291B,3.114B,3.249B,2.206B,2.302B,-29.85B,9.946B,10.02B,7.775B,7.836B,7.029B,8.444B,4.926B,6.657B,8.557B,9.204B,6.012B,6.808B,6.762B,5.635B,9.31B,4.084B,3.374B,7.836B,6.996B,15.63B,2.594B,5.519B,6.03B,7.781B,463.00M,1.602B,941.00M,433.00M,803.00M,1.793B,1.122B,3.298B,1.157B,1.021B,634.00M,608.00M,511.00M,321.00M,179.00M,-10.00M,178.00M,366.00M,511.00M,562.00M,532.00M,536.00M,567.00M,474.00M,502.00M,512.00M,377.00M,308.00M,362.00M,332.00M,359.00M,300.00M,284.00M,238.00M,292.00M,90.00M,200.00M,303.00M,255.00M,309.00M,181.00M,326.00M,73.00M,-118.00M,214.00M,258.00M,554.00M,635.00M,452.00M,397.00M,323.00M,-38.00M,344.00M,3.299B,3.102B,-6.827B,2.85B,2.881B,2.90B,-7.143B,2.764B,2.609B,2.491B,-6.865B,2.19B,2.339B,3.113B,-9.442B,3.988B,3.959B,3.988B,-9.724B,3.87B,4.054B,3.96B
EPS Basic from Continuing Operations,0.66,2.76,1.40,1.61,1.62,1.60,1.40,0.75,1.32,0.35,-2.78,0.47,-0.03,-0.84,-0.86,-1.18,-2.78,-0.87,-0.15,0.22,-0.03,1.31,1.65,1.70,1.20,1.96,1.66,1.64,1.49,1.41,1.36,1.69,0.83,1.09,1.63,2.11,0.67,2.06,2.79,1.41,0.86,0.98,0.58,0.54,-20.34,3.43,3.54,2.65,2.72,2.26,0.18,2.15,1.90,2.35,3.13,2.38,2.73,2.73,2.24,2.09,1.79,1.45,1.46,1.17,0.725,0.92,0.81,0.93,0.555,-0.075,0.405,-0.13,-0.05,0.665,1.21,0.96,1.46,0.835,0.87,0.495,0.495,0.435,0.135,0.14,-0.40,0.09,0.305,0.465,0.395,0.41,0.585,0.43,0.38,0.355,0.42,1.325,0.21,0.26,0.21,0.215,0.31,0.225,0.145,0.245,0.035,0.08,0.235,0.115,0.30,0.19,0.20,-0.17,-0.34,0.105,0.065,0.36,0.47,0.36,0.215,0.045,-0.525,0.18,0.405,0.39,,0.445,0.36,0.275,,0.055,-0.005,-0.08,,0.235,0.005,0.195,,0.06,0.245,0.12,,0.235,0.25,0.21
EPS Basic from Discontinued Operations,,,,,,,,,,,,,,,,,0.00,,,,0.00,0.87,0.03,0.02,0.81,0.05,0.00,0.10,-0.33,0.06,0.46,0.60,1.73,0.84,0.80,0.00,0.75,0.00,0.00,0.00,,,,0.00,,0.00,0.00,0.00,0.00,0.00,0.00,0.00,0.00,0.00,0.00,0.00,-0.01,0.00,0.01,-0.01,-0.04,0.00,0.04,0.01,0.025,0.04,0.065,0.04,-1.02,-0.045,0.05,-0.005,0.04,0.01,0.00,0.00,0.00,0.00,0.00,0.00,0.00,0.00,0.00,0.00,0.00,0.00,0.00,0.00,0.00,0.00,0.00,0.00,0.00,0.00,0.00,0.00,0.00,0.00,0.00,0.00,0.00,0.00,0.00,0.00,0.00,0.00,-0.005,0.00,-0.125,0.00,0.00,-0.05,0.39,0.00,-0.035,-0.05,-0.01,0.00,0.00,0.485,0.00,0.00,0.00,0.00,,0.00,0.00,0.00,,0.00,0.00,0.00,,0.00,0.00,0.00,,0.00,0.00,0.00,,0.00,0.00,0.00
EPS Basic from Extraordinaries,,,,,,,,,,,,,,,,,,,,,,,,,,,,,,,,,,,,,,,,,,,,,,,,,,,,,,,,,,,,,,,,,0.00,,,0.00,,,,,0.00,,,,,,,,,,,,,,,,,,,,,,,,,,,,,,,,,,,,,,,,,,,,0.00,,,0.00,,,,,,,,,,,,,,,,,,,,,,,,
EPS Basic from Tax Loss Carryforward,,,,,,,,,,,,,,,,,,,,,,,,,,,,,,,,,,,,,,,,,,,,,,,,,,,,,,,,,,,,,,,,,,,,,,,,,,-0.0180,,,,,,,,,,,,,,,,,,,,,,,,,,,,,,,0.0000,,-0.0038,,-0.0385,,,-0.0502,0.4911,,-0.0319,-0.0504,-0.0030,,,0.2067,,,,,,,,,,,,,,,,,,,,,,,,
Normalized Basic EPS,0.4567,1.345,1.363,1.608,1.334,1.565,1.337,0.7717,1.370,0.2201,0.0502,0.5487,-0.2086,-0.7977,-0.9029,-1.113,-1.861,-0.9024,-0.1413,0.1949,0.2683,1.360,1.658,1.705,1.439,1.401,1.621,1.591,1.698,1.347,1.105,1.325,0.7804,1.114,1.688,2.144,-2.721,2.130,3.560,1.515,0.9678,0.9970,0.5402,0.5868,-5.692,3.551,3.589,2.696,2.809,2.244,3.690,1.968,2.159,2.466,3.167,2.415,2.752,2.766,2.247,2.028,2.029,1.447,1.465,1.147,0.7043,0.8790,0.8770,0.9371,0.5956,-0.1143,0.4003,-0.1480,-0.0908,0.6391,1.249,0.9577,1.122,1.029,0.8747,0.5021,0.5021,0.4492,0.2181,0.0040,0.3815,0.0771,0.2912,0.3106,0.5489,0.3781,0.3902,0.4072,0.3526,0.3288,0.4017,-0.4058,0.2054,0.2508,0.2031,0.2058,0.2708,0.2147,0.1324,0.1727,0.035,0.08,0.235,0.115,0.30,0.19,0.20,-0.17,-0.34,0.105,0.065,0.36,0.47,0.36,0.215,0.045,-0.525,0.1415,0.405,0.39,,0.445,0.36,0.275,,0.055,-0.005,-0.08,,0.235,0.005,0.195,,0.06,0.245,0.12,,0.235,0.25,0.21
EPS Basic,0.66,2.76,1.40,1.61,1.62,1.60,1.40,0.75,1.32,0.35,-2.78,0.47,-0.03,-0.84,-0.86,-1.18,-2.78,-0.87,-0.15,0.22,-0.03,2.18,1.68,1.72,2.01,2.01,1.66,1.74,1.16,1.47,1.82,2.29,2.56,1.93,2.43,2.11,1.42,2.06,2.79,1.41,0.86,0.98,0.58,0.54,-20.34,3.43,3.54,2.65,2.72,2.26,0.18,2.15,1.90,2.35,3.13,2.38,2.66,2.73,2.25,2.08,1.75,1.45,1.50,1.18,0.765,0.96,0.875,0.90,-0.465,-0.12,0.455,-0.135,-0.015,0.655,1.21,0.96,1.46,0.835,0.87,0.495,0.495,0.435,0.135,0.14,-0.40,0.09,0.305,0.465,0.395,0.41,0.585,0.43,0.38,0.355,0.42,1.325,0.21,0.26,0.21,0.215,0.31,0.225,0.145,0.245,0.035,0.08,0.23,0.115,0.175,0.19,0.20,-0.22,0.05,0.105,0.03,0.31,0.46,0.36,0.215,0.53,-0.525,0.18,0.405,0.39,,0.445,0.36,0.275,,0.055,-0.005,-0.08,,0.235,0.005,0.195,,0.06,0.245,0.12,,0.235,0.25,0.21
EPS Diluted from Continuing Operations,0.65,2.74,1.40,1.60,1.61,1.59,1.39,0.75,1.32,0.34,-2.78,0.47,-0.03,-0.84,-0.86,-1.18,-2.78,-0.87,-0.15,0.22,-0.03,1.31,1.64,1.69,1.20,1.95,1.65,1.63,1.48,1.40,1.35,1.67,0.83,1.08,1.62,2.09,0.67,2.05,2.77,1.40,0.86,0.97,0.57,0.54,-20.34,3.39,3.50,2.62,2.68,2.23,0.18,2.12,1.88,2.31,3.09,2.34,2.69,2.68,2.21,2.06,1.76,1.43,1.44,1.155,0.71,0.91,0.80,0.925,0.55,-0.075,0.405,-0.13,-0.05,0.66,1.20,0.955,1.445,0.83,0.865,0.49,0.49,0.435,0.135,0.14,-0.40,0.09,0.30,0.46,0.395,0.405,0.575,0.43,0.375,0.35,0.415,1.315,0.205,0.26,0.21,0.215,0.305,0.225,0.145,0.245,0.03,0.08,0.235,0.115,0.30,0.19,0.20,-0.17,-0.34,0.105,0.065,0.36,0.47,0.36,0.215,0.045,-0.525,0.18,0.405,0.39,,0.445,0.36,0.275,,0.055,-0.005,-0.08,,0.235,0.005,0.195,,0.06,0.245,0.12,,0.235,0.25,0.21
EPS Diluted from Discontinued Operations,,,,,,,,,,,,,,,,,0.00,,,,0.00,0.86,0.03,0.02,0.80,0.05,0.00,0.10,-0.33,0.06,0.45,0.60,1.72,0.83,0.79,0.00,0.74,0.00,0.00,0.00,,,,0.00,,0.00,0.00,0.00,0.00,0.00,0.00,0.00,0.00,0.00,0.00,0.00,-0.01,0.00,0.00,-0.01,-0.04,0.00,0.04,0.01,0.025,0.04,0.065,0.04,-1.02,-0.045,0.05,-0.005,0.04,0.01,0.00,0.00,0.00,0.00,0.00,0.00,0.00,0.00,0.00,0.00,0.00,0.00,0.00,0.00,0.00,0.00,0.00,0.00,0.00,0.00,0.00,0.00,0.00,0.00,0.00,0.00,0.00,0.00,0.00,0.00,0.00,0.00,-0.005,0.00,-0.125,0.00,0.00,-0.05,0.39,0.00,-0.035,-0.05,-0.01,0.00,0.00,0.485,0.00,0.00,0.00,0.00,,0.00,0.00,0.00,,0.00,0.00,0.00,,0.00,0.00,0.00,,0.00,0.00,0.00,,0.00,0.00,0.00
EPS Diluted from Extraordinaries,,,,,,,,,,,,,,,,,,,,,,,,,,,,,,,,,,,,,,,,,,,,,,,,,,,,,,,,,,,,,,,,,0.0133,,,-0.0699,,,,,-0.0054,,,,,,,,,,,,,,,,,,,,,,,,,,,,,,,,,,,,,,,,,,,,-0.0041,,,0.2803,,,,,,,,,,,,,,,,,,,,,,,,
EPS Diluted from Tax Loss Carryforward,,,,,,,,,,,,,,,,,,,,,,,,,,,,,,,,,,,,,,,,,,,,,,,,,,,,,,,,,,,,,,,,,,,,,,,,,,-0.0180,,,,,,,,,,,,,,,,,,,,,,,,,,,,,,,0.0000,,-0.0038,,-0.0385,,,-0.0502,0.4911,,-0.0319,-0.0504,-0.0030,,,0.2067,,,,,,,,,,,,,,,,,,,,,,,,
Normalized Diluted EPS,0.4478,1.331,1.363,1.598,1.326,1.555,1.327,0.7715,1.370,0.2104,0.0502,0.5483,-0.2086,-0.7977,-0.9029,-1.113,-1.861,-0.9024,-0.1413,0.1950,0.2675,1.360,1.648,1.695,1.438,1.395,1.611,1.582,1.687,1.338,1.097,1.308,0.7808,1.104,1.678,2.124,-2.691,2.119,3.534,1.504,0.9669,0.9869,0.5305,0.5865,-5.692,3.510,3.548,2.665,2.768,2.215,3.643,1.940,2.135,2.424,3.126,2.375,2.711,2.716,2.217,1.999,1.995,1.427,1.445,1.132,0.6895,0.8693,0.8666,0.9320,0.5906,-0.1140,0.4003,-0.1480,-0.0905,0.6343,1.238,0.9527,1.112,1.022,0.8697,0.4971,0.4971,0.4491,0.2175,0.0047,0.3775,0.0772,0.2863,0.3068,0.5476,0.3734,0.3817,0.4074,0.3486,0.3238,0.3967,-0.4158,0.2004,0.2508,0.2031,0.2058,0.2658,0.2147,0.1324,0.1727,0.03,0.08,0.235,0.115,0.30,0.19,0.20,-0.17,-0.34,0.105,0.065,0.36,0.47,0.36,0.215,0.045,-0.525,0.1415,0.405,0.39,,0.445,0.36,0.275,,0.055,-0.005,-0.08,,0.235,0.005,0.195,,0.06,0.245,0.12,,0.235,0.25,0.21
EPS Diluted,0.65,2.74,1.40,1.60,1.61,1.59,1.39,0.75,1.32,0.34,-2.78,0.47,-0.03,-0.84,-0.86,-1.18,-2.78,-0.87,-0.15,0.22,-0.03,2.17,1.67,1.71,2.00,2.00,1.65,1.73,1.16,1.46,1.80,2.27,2.55,1.91,2.41,2.09,1.41,2.05,2.77,1.40,0.86,0.97,0.57,0.54,-20.34,3.39,3.50,2.62,2.68,2.23,0.18,2.12,1.88,2.31,3.09,2.34,2.61,2.68,2.21,2.05,1.72,1.43,1.48,1.165,0.755,0.95,0.865,0.895,-0.465,-0.12,0.455,-0.135,-0.015,0.65,1.20,0.955,1.445,0.83,0.865,0.49,0.49,0.435,0.135,0.14,-0.40,0.09,0.30,0.46,0.395,0.405,0.575,0.43,0.375,0.35,0.415,1.315,0.205,0.26,0.21,0.215,0.305,0.225,0.145,0.245,0.03,0.08,0.23,0.115,0.175,0.19,0.20,-0.22,0.05,0.105,0.03,0.31,0.46,0.36,0.215,0.53,-0.525,0.18,0.405,0.39,,0.445,0.36,0.275,,0.055,-0.005,-0.08,,0.235,0.005,0.195,,0.06,0.245,0.12,,0.235,0.25,0.21
Average Basic Shares Outstanding,1.095B,1.109B,1.126B,1.139B,1.151B,1.163B,1.172B,1.180B,1.192B,1.212B,1.237B,1.243B,1.246B,1.246B,1.245B,1.245B,1.244B,1.242B,1.241B,1.241B,1.240B,1.238B,1.236B,1.235B,1.234B,1.231B,1.230B,1.229B,1.223B,1.220B,1.248B,1.283B,1.311B,1.358B,1.399B,1.432B,1.453B,1.482B,1.490B,1.493B,1.490B,1.488B,1.486B,1.486B,1.486B,1.511B,1.535B,1.562B,1.591B,1.622B,1.636B,1.647B,1.651B,1.653B,1.655B,1.383B,1.385B,1.394B,1.397B,1.398B,1.391B,1.384B,1.379B,1.372B,1.363B,1.361B,1.360B,1.359B,1.359B,961.40M,767.83M,764.67M,764.85M,555.64M,511.62M,511.11M,509.67M,509.88M,507.97M,507.44M,506.60M,506.61M,505.16M,504.22M,507.48M,513.56M,520.77M,524.51M,526.38M,527.01M,526.69M,527.06M,526.47M,526.36M,525.90M,524.62M,524.19M,524.31M,524.06M,523.35M,523.18M,523.14M,523.05M,522.85M,532.31M,512.50M,526.09M,530.43M,516.37M,521.05M,520.00M,518.18M,520.80M,533.33M,533.33M,516.13M,519.56M,494.44M,488.37M,488.68M,488.21M,483.33M,486.51M,486.51M,486.51M,492.60M,456.70M,456.67M,456.70M,456.66M,456.61M,455.77M,456.67M,455.77M,454.28M,454.29M,454.28M,451.20M,440.60M,439.32M,928.69M,928.69M,928.69M,928.69M
Average Diluted Shares Outstanding,1.101B,1.113B,1.131B,1.147B,1.160B,1.173B,1.181B,1.186B,1.192B,1.215B,1.237B,1.249B,1.246B,1.246B,1.245B,1.245B,1.244B,1.242B,1.241B,1.246B,1.243B,1.247B,1.245B,1.243B,1.242B,1.240B,1.237B,1.236B,1.232B,1.229B,1.258B,1.293B,1.322B,1.370B,1.412B,1.445B,1.466B,1.493B,1.501B,1.504B,1.501B,1.498B,1.496B,1.495B,1.486B,1.528B,1.555B,1.582B,1.612B,1.644B,1.658B,1.669B,1.674B,1.676B,1.678B,1.405B,1.408B,1.418B,1.419B,1.420B,1.414B,1.403B,1.398B,1.388B,1.378B,1.373B,1.368B,1.365B,1.359B,969.40M,773.42M,764.67M,770.20M,559.53M,515.36M,514.32M,517.18M,514.78M,511.95M,509.35M,509.42M,510.89M,509.28M,506.85M,510.07M,517.32M,525.43M,528.73M,530.84M,531.57M,530.73M,531.61M,545.16M,526.36M,525.90M,524.62M,524.19M,524.31M,524.06M,523.35M,523.18M,523.14M,523.05M,522.85M,532.31M,512.50M,526.09M,530.43M,516.37M,521.05M,520.00M,518.18M,520.80M,533.33M,533.33M,516.13M,519.56M,494.44M,488.37M,488.68M,488.21M,483.33M,486.51M,486.51M,486.51M,492.60M,456.70M,456.67M,456.70M,456.66M,456.61M,455.77M,456.67M,455.77M,454.28M,454.29M,454.28M,451.20M,440.60M,439.32M,928.69M,928.69M,928.69M,928.69M
Dividend Per Share,0.42,0.305,0.305,0.305,0.305,0.285,0.285,0.285,0.265,0.265,0.265,0.265,0.25,0.25,0.25,0.25,0.74,0.74,0.73,0.73,0.73,0.73,0.69,0.69,0.69,0.69,0.66,0.66,0.66,0.66,0.66,0.66,0.66,0.66,0.66,0.66,0.55,0.55,0.55,0.50,0.50,0.47,0.47,0.47,0.47,0.47,0.47,0.47,0.41,0.41,0.41,0.41,0.36,0.36,0.36,0.36,0.31,0.31,0.31,0.25,0.25,0.215,0.215,0.215,0.215,0.20,0.20,0.20,0.20,0.18,0.18,0.18,0.18,0.18,0.17,0.17,0.17,0.17,0.17,0.17,0.17,0.17,0.17,0.17,0.17,0.17,0.17,0.17,0.17,0.17,0.17,0.16,0.16,0.16,0.1525,0.1525,0.1525,0.1525,0.1525,0.14,0.14,0.14,0.14,0.14,0.14,0.14,0.14,0.14,0.14,0.14,0.14,0.14,0.14,0.14,0.14,0.14,0.14,0.125,0.125,0.125,0.125,0.125,0.11,0.11,0.09,0.09,0.075,0.075,0.075,0.075,0.075,0.075,0.075,0.075,0.075,0.125,,,,,,,,
As Originally Reported,AOR,AOR,AOR,AOR,AOR,AOR,AOR,AOR,AOR,AOR,AOR,AOR,AOR,AOR,AOR,AOR,AOR,AOR,AOR,AOR,AOR,AOR,AOR,AOR,AOR,AOR,AOR,AOR,AOR,AOR,AOR,AOR,AOR,AOR,AOR,AOR,AOR,AOR,AOR,AOR,AOR,AOR,AOR,AOR,,,,,,,,,,,,,,,,,,,,,,,,,,,,,,,,,,,,,,,,,,,,,,,,,,,,,,,,,,,,,,,,,,,,,,,,,,,,,,,,,,,,,,,,,,,,,,,,,,,,
Restated,,,,,Restated,Restated,Restated,Restated,Restated,Restated,Restated,Restated,Restated,Restated,Restated,Restated,Restated,Restated,Restated,Restated,Restated,Restated,Restated,Restated,Restated,Restated,Restated,Restated,Restated,Restated,Restated,Restated,Restated,Restated,Restated,Restated,Restated,Restated,Restated,Restated,Restated,Restated,Restated,Restated,Restated,,Restated,Restated,,,,,,,,,,,,,,,,,,,,,,,,,,,,,,,,,,,,,,,,,,,,,,,,,,,,,,,,,,,,,,,,,,,,,,,,,,,,,,,,,,,,,,,,,,,,,,,,
