Income (Quarterly),2019-12,2019-09,2019-06,2019-03,2018-12,2018-09,2018-06,2018-03,2017-12,2017-09,2017-06,2017-03,2016-12,2016-09,2016-06,2016-03,2015-12,2015-09,2015-06,2015-03,2014-12,2014-09,2014-06,2014-03,2013-12,2013-09,2013-06,2013-03,2012-12,2012-09,2012-06,2012-03,2011-12,2011-09,2011-06,2011-03,2010-12,2010-09,2010-06,2010-03,2009-12,2009-09,2009-06,2009-03,2008-12,2008-09,2008-06,2008-03,2007-12,2007-09,2007-06,2007-03,2006-12,2006-09,2006-06,2006-03,2005-12,2005-09,2005-06,2005-03,2004-12,2004-09,2004-06,2004-03,2003-12,2003-09,2003-06,2003-03,2002-12,2002-09,2002-06,2002-03,2001-12,2001-09,2001-06,2001-03,2000-12,2000-09,2000-06,2000-03,1999-12,1999-09,1999-06,1999-03,1998-12,1998-09,1998-06,1998-03,1997-12,1997-09,1997-06,1997-03,1996-12,1996-09,1996-06,1996-03,1995-12,1995-09,1995-06,1995-03,1994-12,1994-09,1994-06,1994-03,1993-12,1993-09,1993-06,1993-03,1992-12,1992-09,1992-06,1992-03,1991-12,1991-09,1991-06,1991-03,1990-12,1990-09,1990-06,1990-03,1989-12,1989-09,1989-06,1989-03,1988-12,1988-09,1988-06,1988-03,1987-12,1987-09,1987-06,1987-03,1986-12,1986-09,1986-06,1986-03,1985-12,1985-09,1985-06,1985-03,1984-12,1984-09,1984-06,1984-03
Operating Revenue,1.359B,891.00M,969.20M,1.834B,1.436B,855.80M,982.10M,1.717B,1.344B,883.40M,960.10M,1.542B,1.210B,857.80M,893.50M,1.432B,1.090B,809.40M,880.10M,1.845B,1.388B,835.40M,1.218B,2.244B,712.00M,1.015B,1.144B,1.738B,1.356B,922.60M,1.016B,1.636B,1.172B,1.069B,1.228B,2.232B,1.067B,1.138B,1.171B,2.359B,1.685B,974.90M,1.269B,2.722B,3.162B,1.184B,1.557B,3.289B,2.201B,1.250B,1.567B,2.845B,1.978B,1.156B,1.312B,2.972B,2.694B,1.164B,1.356B,2.683B,1.963B,978.20M,1.244B,2.472B,1.678B,898.30M,1.141B,2.524B,1.736B,908.40M,954.30M,1.808B,2.029B,1.756B,1.873B,3.798B,2.735B,1.181B,922.97M,1.106B,1.014B,692.97M,675.35M,891.58M,664.40M,747.80M,652.40M,779.30M,807.10M,596.40M,523.20M,660.00M,580.10M,393.70M,398.70M,576.00M,516.00M,370.30M,360.50M,522.50M,428.30M,334.60M,348.00M,565.60M,464.90M,342.50M,348.80M,521.60M,462.60M,316.50M,329.30M,474.00M,429.00M,323.40M,320.40M,462.30M,423.70M,317.80M,325.90M,453.60M,451.70M,318.50M,322.80M,466.70M,425.50M,318.00M,315.40M,465.30M,392.60M,324.60M,313.40M,421.00M,399.00M,321.80M,365.80M,539.50M,522.80M,391.00M,389.80M,604.90M,512.60M,417.80M,453.40M,617.30M
Revenue,1.397B,931.50M,1.010B,1.870B,1.462B,895.00M,1.007B,1.751B,1.368B,917.00M,990.70M,1.599B,1.297B,861.30M,897.60M,1.437B,1.098B,817.20M,884.60M,1.852B,1.393B,838.20M,1.335B,2.320B,564.90M,1.077B,1.202B,1.782B,1.394B,956.20M,1.039B,1.649B,1.222B,1.069B,1.228B,2.232B,1.703B,1.138B,1.171B,2.359B,1.685B,974.90M,1.269B,2.722B,3.162B,1.184B,1.557B,3.289B,2.201B,1.250B,1.567B,2.845B,1.978B,1.156B,1.312B,2.972B,2.694B,1.164B,1.356B,2.683B,1.963B,978.20M,1.244B,2.472B,1.678B,898.30M,1.141B,2.524B,1.736B,908.40M,954.30M,1.808B,2.029B,1.756B,1.873B,3.798B,2.735B,1.181B,922.97M,1.106B,1.014B,692.97M,675.35M,891.58M,664.40M,747.80M,652.40M,779.30M,807.10M,596.40M,523.20M,660.00M,580.10M,393.70M,398.70M,576.00M,516.00M,370.30M,360.50M,522.50M,428.30M,334.60M,348.00M,565.60M,464.90M,342.50M,348.80M,521.60M,462.60M,316.50M,329.30M,474.00M,429.00M,323.40M,320.40M,462.30M,423.70M,317.80M,325.90M,453.60M,451.70M,318.50M,322.80M,466.70M,425.50M,318.00M,315.40M,465.30M,392.60M,324.60M,313.40M,421.00M,399.00M,321.80M,365.80M,539.50M,522.80M,391.00M,389.80M,604.90M,512.60M,417.80M,453.40M,617.30M
Cost of Goods Sold,763.50M,590.60M,302.70M,1.233B,1.306B,1.003B,678.50M,1.127B,882.80M,605.30M,668.40M,963.90M,857.50M,554.80M,572.50M,851.20M,685.60M,520.20M,606.70M,1.257B,980.10M,589.80M,904.80M,1.562B,573.50M,711.90M,801.70M,1.130B,878.70M,645.80M,629.90M,1.028B,2.049B,323.10M,462.50M,1.171B,2.465B,420.00M,439.10M,1.286B,757.80M,317.90M,586.80M,1.656B,2.229B,570.20M,892.00M,2.248B,,,,,,,,,,,,,,,,,,,,,,,,,,,,,,,529.70M,,,308.33M,300.19M,460.00M,,295.40M,222.00M,284.40M,229.90M,132.00M,127.10M,297.10M,246.90M,120.50M,152.80M,268.40M,195.00M,120.90M,132.10M,237.00M,178.70M,108.20M,125.70M,270.60M,,,,,,,,,,,,,,,,,,,,,,,,,,,,,,,,,,,,,,,,
Gross Profit,633.70M,340.90M,707.70M,637.10M,155.70M,-107.80M,328.50M,623.90M,485.50M,311.70M,322.30M,634.70M,439.50M,306.50M,325.10M,585.40M,412.20M,297.00M,277.90M,594.90M,413.20M,248.40M,430.30M,758.00M,-8.60M,364.90M,399.80M,651.90M,514.90M,310.40M,408.90M,620.60M,-826.70M,745.60M,765.80M,1.061B,-761.70M,718.10M,732.00M,1.072B,927.30M,657.00M,681.80M,1.066B,932.30M,613.40M,665.20M,1.041B,,,,,,,,,,,,,,,,,,,,,,,,,,,,,,,393.27M,,,384.64M,375.16M,431.58M,,452.40M,430.40M,494.90M,577.20M,464.40M,396.10M,362.90M,333.20M,273.20M,245.90M,307.60M,321.00M,249.40M,228.40M,285.50M,249.60M,226.40M,222.30M,295.00M,,,,,,,,,,,,,,,,,,,,,,,,,,,,,,,,,,,,,,,,
Special Income and Charges,-415.70M,-0.90M,0.10M,-0.20M,-32.20M,-44.80M,-12.50M,0.30M,-22.00M,-0.80M,-111.40M,0.00,-3.90M,0.10M,0.20M,0.10M,-5.20M,-1.10M,-97.00M,-0.30M,-12.60M,-0.10M,0.70M,15.70M,-19.50M,9.80M,0.20M,0.20M,0.00,0.70M,1.50M,1.60M,-75.10M,1.20M,0.60M,2.60M,-104.80M,1.00M,2.60M,2.50M,-26.20M,-5.20M,-2.00M,1.00M,-28.30M,20.90M,2.20M,0.00,-3.00M,3.80M,3.60M,-1.40M,-12.30M,0.10M,-2.60M,-4.70M,-16.80M,2.30M,3.60M,-0.50M,-7.20M,1.00M,0.10M,2.10M,23.70M,2.40M,5.70M,1.80M,29.20M,3.40M,-0.40M,24.00M,15.00M,-10.60M,8.90M,4.50M,-2.50M,49.40M,2.51M,2.40M,-11.14M,-14.28M,-2.318M,7.10M,-0.90M,2.90M,-0.90M,8.40M,0.40M,3.30M,3.90M,9.40M,4.50M,5.30M,2.20M,0.50M,3.70M,-1.20M,-0.10M,-0.80M,5.10M,1.00M,-1.90M,-1.10M,,,,,,,,,,,,,,,,,,,,,,,,,,,,,,,,,,,,,,,,
Non Income Taxes,74.90M,67.90M,66.40M,87.60M,71.50M,58.90M,65.50M,78.90M,67.50M,57.50M,56.20M,76.00M,66.20M,56.60M,50.20M,71.30M,58.90M,53.70M,60.20M,83.30M,61.00M,53.40M,73.40M,101.10M,16.70M,64.30M,70.70M,86.70M,72.40M,62.30M,66.60M,86.80M,73.10M,59.20M,67.80M,93.00M,73.80M,62.00M,64.50M,86.90M,73.00M,54.20M,53.30M,103.40M,85.80M,57.30M,62.20M,103.60M,79.00M,55.20M,63.80M,100.40M,72.70M,49.00M,60.70M,103.00M,86.20M,51.90M,60.10M,103.10M,66.10M,53.20M,45.90M,100.00M,66.70M,48.50M,65.50M,105.10M,75.20M,49.60M,57.00M,92.10M,76.90M,58.50M,61.50M,97.90M,72.00M,22.40M,20.58M,25.80M,17.69M,24.57M,25.22M,28.00M,14.10M,22.00M,21.10M,23.40M,22.90M,19.30M,20.30M,21.30M,19.70M,17.20M,17.60M,20.70M,19.20M,17.40M,17.10M,20.40M,17.30M,16.90M,17.10M,20.80M,,,,,,,,,,,,,,,,,,,,,,,,,,,,,,,,,,,,,,,,
Operating Interest Expense,85.40M,95.90M,94.10M,95.60M,99.70M,83.40M,88.70M,93.10M,102.70M,87.90M,87.70M,85.20M,94.40M,85.00M,86.00M,90.50M,88.40M,94.90M,98.20M,92.80M,81.10M,94.70M,109.10M,109.10M,56.70M,103.70M,102.00M,98.60M,83.40M,107.90M,103.20M,103.30M,,,,,,,,,88.30M,105.00M,105.30M,90.40M,108.20M,100.10M,87.40M,91.80M,,,,,,,,,,,,,,,,,,,,,,,,,,,,,,,,,,,,,,,,,,,,,,,,,,,,,,,,,,,,,,,,,,,,,,,,,,,,,,,,,,,,,,,,,,,,,,,,
Operating Interest Income,2.30M,2.10M,1.20M,2.10M,2.40M,1.40M,1.10M,1.70M,1.40M,1.40M,0.90M,,,,,,,,,,,,,,,,,,,,,,,,,,,,,,,,,,,,,,,,,,,,,,,,,,,,,,,,,,,,,,,,,,,,,,,,,,,,,,,,,,,,,,,,,,,,,,,,,,,,,,,,,,,,,,,,,,,,,,,,,,,,,,,,,,,,,
Net Operating Interest Income,-91.00M,-93.80M,-92.90M,-93.50M,-85.70M,-82.00M,-87.60M,-91.40M,-91.00M,-86.50M,-86.80M,-85.20M,-84.60M,-85.00M,-86.00M,-90.50M,-93.50M,-94.90M,-98.20M,-92.80M,-88.30M,-94.70M,-109.10M,-109.10M,-67.50M,-103.70M,-102.00M,-98.60M,-103.90M,-107.90M,-103.20M,-103.30M,-92.50M,-95.70M,-94.40M,-89.80M,-97.50M,-97.60M,-98.40M,-98.80M,-91.80M,-105.00M,-105.30M,-90.40M,-85.50M,-100.10M,-87.40M,-91.80M,,,,,,,,,,,,,,,,,,,,,,,,,,,,,,,,,,,,,,,,,,,,,,,,,,,,,,,,,,,,,,,,,,,,,,,,,,,,,,,,,,,,,,,,,,,,,,,,
Other Operating Expenses,,,,,,,,,,,,,,,,,,,,,,,,,,,,,,,,,,,,,,,,,,358.60M,365.20M,479.10M,,313.40M,343.50M,410.10M,1.796B,950.10M,1.229B,2.181B,1.494B,835.30M,980.90M,2.365B,2.276B,883.80M,1.040B,2.007B,1.426B,671.30M,912.90M,1.803B,1.188B,577.80M,774.80M,1.821B,1.229B,556.10M,625.80M,1.074B,1.540B,1.396B,1.513B,3.067B,2.321B,981.60M,198.76M,825.70M,1.907B,176.04M,187.36M,174.70M,1.289B,270.20M,267.80M,292.10M,372.50M,294.70M,238.30M,155.70M,145.90M,122.10M,105.40M,98.10M,147.70M,93.90M,90.60M,93.30M,90.10M,89.70M,94.50M,97.70M,,,,,,,,,,,,,,,,,,,,,,,,,,,,,,,,,,,,,,,,
Total Operating Expenses,257.10M,250.10M,244.30M,262.70M,233.30M,207.40M,210.10M,223.60M,209.30M,200.50M,198.40M,219.30M,207.30M,192.90M,187.10M,204.10M,192.30M,186.20M,193.70M,208.30M,184.80M,177.20M,222.50M,249.80M,55.70M,208.80M,214.00M,230.30M,216.30M,187.60M,213.90M,232.20M,-1.032B,601.30M,602.60M,656.60M,-984.70M,597.20M,593.20M,676.30M,672.90M,561.60M,566.70M,726.20M,621.50M,511.60M,553.30M,649.30M,2.010B,1.143B,1.427B,2.416B,1.687B,1.021B,1.180B,2.605B,2.500B,1.072B,1.236B,2.246B,1.621B,850.10M,1.086B,2.029B,1.378B,749.40M,965.20M,2.051B,1.430B,730.30M,795.70M,1.310B,1.787B,1.61B,1.733B,3.326B,2.528B,1.084B,303.92M,931.60M,1.991B,278.62M,290.18M,275.60M,1.353B,356.60M,352.50M,378.80M,457.70M,378.70M,323.00M,235.30M,226.00M,197.70M,181.70M,172.30M,224.30M,162.00M,157.40M,162.80M,156.90M,155.20M,160.20M,166.10M,,,,,,,,,,,,,,,,,,,,,,,,,,,,,,,,,,,,,,,,
Operating Income,376.60M,90.80M,463.40M,374.40M,-77.60M,-315.20M,118.40M,400.30M,276.20M,111.20M,123.90M,415.40M,232.20M,113.60M,138.00M,381.30M,219.90M,110.80M,84.20M,386.60M,228.40M,71.20M,207.80M,508.20M,-64.30M,156.10M,185.80M,421.60M,298.60M,122.80M,195.00M,388.40M,205.00M,144.30M,163.20M,404.10M,223.00M,120.90M,138.80M,396.10M,254.40M,95.40M,115.10M,340.00M,310.80M,101.80M,111.90M,391.40M,190.50M,106.90M,140.20M,428.90M,291.40M,135.60M,131.90M,367.80M,193.80M,92.50M,119.80M,437.70M,341.80M,128.10M,157.80M,443.50M,300.40M,148.90M,176.00M,473.40M,306.50M,178.10M,158.60M,497.80M,242.20M,146.40M,140.10M,472.20M,207.70M,97.40M,89.35M,174.70M,91.05M,106.02M,84.98M,155.98M,113.10M,95.80M,77.90M,116.10M,119.50M,85.70M,73.10M,127.60M,107.20M,75.50M,64.20M,135.30M,96.70M,87.40M,71.00M,122.70M,92.70M,71.20M,62.10M,128.90M,464.90M,342.50M,348.80M,521.60M,462.60M,316.50M,329.30M,474.00M,429.00M,323.40M,320.40M,462.30M,423.70M,317.80M,325.90M,453.60M,451.70M,318.50M,322.80M,466.70M,425.50M,318.00M,315.40M,465.30M,392.60M,324.60M,313.40M,421.00M,399.00M,321.80M,365.80M,539.50M,522.80M,391.00M,389.80M,604.90M,512.60M,417.80M,453.40M,617.30M
Non-Operating Interest Income,2.30M,2.10M,1.20M,2.10M,2.40M,1.40M,1.10M,1.70M,1.40M,1.40M,0.90M,,,,,,,,,,,,,,,,,,,,,,,,,,,,,,,,,,,,,,,,,,,,,,,,,,,,,,,,,,,,,,,,,,,,,,,,,,,,,,,,,,,,,,,,,,,,,,,,,,,,,,,,,,,,,,,,,,,,,,,,,,,,,,,,,,,,,
Non-Operating Interest Expense,85.40M,95.90M,94.10M,95.60M,99.70M,83.40M,88.70M,93.10M,102.70M,87.90M,87.70M,85.20M,94.40M,85.00M,86.00M,90.50M,88.40M,94.90M,98.20M,92.80M,81.10M,94.70M,109.10M,109.10M,56.70M,103.70M,102.00M,98.60M,83.40M,107.90M,103.20M,103.30M,,,,,,,,,88.30M,105.00M,105.30M,90.40M,108.20M,100.10M,87.40M,91.80M,,,,,,,,,,,,,,,,,,,,,,,,,,,,,,,,,,,,,,,,,,,,,,,,,,,,,,,,,,,,,,,,,,,,,,,,,,,,,,,,,,,,,,,,,,,,,,,,
Net Non-Operating Interest Income Expense,-91.00M,-93.80M,-92.90M,-93.50M,-85.70M,-82.00M,-87.60M,-91.40M,-91.00M,-86.50M,-86.80M,-85.20M,-84.60M,-85.00M,-86.00M,-90.50M,-93.50M,-94.90M,-98.20M,-92.80M,-88.30M,-94.70M,-109.10M,-109.10M,-67.50M,-103.70M,-102.00M,-98.60M,-103.90M,-107.90M,-103.20M,-103.30M,-92.50M,-95.70M,-94.40M,-89.80M,-97.50M,-97.60M,-98.40M,-98.80M,-91.80M,-105.00M,-105.30M,-90.40M,-85.50M,-100.10M,-87.40M,-91.80M,,,,,,,,,,,,,,,,,,,,,,,,,,,,,,,,,,,,,,,,,,,,,,,,,,,,,,,,,,,,,,,,,,,,,,,,,,,,,,,,,,,,,,,,,,,,,,,,
Other Income and Expenses,-422.40M,-0.60M,-1.40M,-3.00M,-2.10M,-36.80M,-0.80M,29.90M,-20.20M,-8.20M,-108.10M,2.30M,-3.90M,3.60M,-5.90M,0.80M,4.60M,4.70M,-94.70M,3.20M,-5.30M,5.60M,19.30M,30.00M,-55.70M,25.00M,21.50M,11.40M,4.40M,10.90M,12.80M,9.60M,-81.10M,4.70M,2.90M,5.60M,-97.30M,4.50M,3.00M,9.90M,-10.20M,-5.20M,-2.00M,1.00M,-16.00M,20.90M,2.20M,,-3.00M,3.80M,3.60M,-1.40M,-12.30M,0.10M,-2.60M,-4.70M,-16.80M,2.30M,3.60M,-0.50M,-7.20M,1.00M,0.10M,2.10M,23.70M,2.40M,5.70M,1.80M,29.20M,3.40M,-0.40M,24.00M,15.00M,-10.60M,8.90M,4.50M,-2.50M,49.40M,2.51M,2.40M,-11.14M,-14.28M,-2.318M,7.10M,-0.90M,2.90M,-0.90M,8.40M,0.40M,3.30M,3.90M,9.40M,4.50M,5.30M,2.20M,0.50M,3.70M,-1.20M,-0.10M,-0.80M,5.10M,1.00M,-1.90M,-1.10M,,,,,,,,,,,,,,,,,,,,,,,,,,,,,,,,,,,,,,,,
Net Interest Income,-91.00M,-93.80M,-92.90M,-93.50M,-85.70M,-82.00M,-87.60M,-91.40M,-91.00M,-86.50M,-86.80M,-85.20M,-84.60M,-85.00M,-86.00M,-90.50M,-93.50M,-94.90M,-98.20M,-92.80M,-88.30M,-94.70M,-109.10M,-109.10M,-67.50M,-103.70M,-102.00M,-98.60M,-103.90M,-107.90M,-103.20M,-103.30M,-92.50M,-95.70M,-94.40M,-89.80M,-97.50M,-97.60M,-98.40M,-98.80M,-91.80M,-105.00M,-105.30M,-90.40M,-85.50M,-100.10M,-87.40M,-91.80M,,,,,,,,,,,,,,,,,,,,,,,,,,,,,,,,,,,,,,,,,,,,,,,,,,,,,,,,,,,,,,,,,,,,,,,,,,,,,,,,,,,,,,,,,,,,,,,,
Pre-Tax Income,-136.80M,-3.60M,369.10M,277.90M,-165.40M,-434.00M,30.00M,338.80M,165.00M,16.50M,-71.00M,332.50M,143.70M,32.20M,46.10M,291.60M,131.00M,20.60M,-108.70M,297.00M,134.80M,-17.90M,118.00M,429.10M,-187.50M,77.40M,105.30M,334.40M,199.10M,25.80M,104.60M,294.70M,31.40M,53.30M,71.70M,319.90M,28.20M,27.80M,43.40M,307.20M,142.80M,-9.00M,5.20M,257.00M,202.30M,26.00M,28.30M,301.60M,83.80M,9.60M,45.40M,328.40M,174.80M,39.50M,35.90M,267.80M,92.50M,-11.70M,21.90M,333.20M,246.90M,28.50M,57.70M,342.30M,209.80M,36.60M,65.70M,349.70M,199.40M,37.50M,30.90M,388.70M,105.60M,-15.40M,-7.50M,306.50M,24.40M,94.80M,36.32M,125.60M,38.28M,41.74M,34.60M,121.50M,80.40M,64.60M,44.80M,93.00M,87.70M,56.10M,45.20M,109.90M,83.60M,53.30M,39.00M,109.00M,72.70M,61.10M,45.70M,97.90M,74.20M,47.70M,37.00M,102.80M,,,,,,,,,,,,,,,,,,,,,,,,,,,,,,,,,,,,,,,,
Provision for Income Taxes,2.50M,-10.20M,72.20M,59.00M,-153.70M,-94.50M,5.50M,62.70M,217.40M,2.50M,-26.60M,121.20M,51.50M,8.50M,17.10M,105.00M,66.60M,5.80M,-35.60M,104.50M,55.30M,-0.70M,39.50M,162.70M,-70.60M,27.90M,32.90M,118.40M,67.00M,9.20M,36.30M,102.20M,8.00M,17.00M,30.90M,110.80M,10.20M,-5.60M,15.40M,109.80M,54.30M,4.20M,9.20M,97.60M,71.10M,-5.10M,8.60M,112.10M,24.30M,1.70M,16.50M,121.90M,62.10M,13.50M,13.80M,94.80M,19.50M,-5.80M,12.50M,123.40M,87.90M,6.80M,22.20M,125.70M,68.00M,13.10M,26.40M,127.40M,64.90M,14.30M,10.10M,144.90M,51.70M,4.30M,2.40M,122.30M,24.60M,48.00M,12.90M,46.50M,11.84M,13.78M,11.66M,44.90M,25.10M,21.50M,15.40M,32.30M,31.80M,20.20M,17.00M,39.10M,32.20M,18.90M,15.60M,41.50M,20.80M,24.70M,18.80M,37.60M,25.20M,19.20M,15.50M,37.80M,,,,,,,,,,,,,,,,,,,,,,,,,,,,,,,,,,,,,,,,
Income from Continuing Operations,-139.30M,6.60M,296.90M,218.90M,-11.70M,-339.50M,24.50M,276.10M,-52.40M,14.00M,-44.40M,211.30M,92.20M,23.70M,29.00M,186.60M,64.40M,14.80M,-73.10M,192.50M,79.50M,-17.20M,78.50M,266.40M,-116.90M,49.50M,72.40M,216.00M,132.10M,16.60M,68.30M,192.50M,23.40M,36.30M,40.80M,209.10M,18.00M,33.40M,28.00M,197.40M,88.50M,-13.20M,-4.00M,159.40M,131.20M,31.10M,19.70M,189.50M,59.50M,7.90M,28.90M,206.50M,112.70M,26.00M,22.10M,173.00M,73.00M,-5.90M,9.40M,209.80M,159.00M,21.70M,35.50M,216.60M,141.80M,23.50M,39.30M,222.30M,134.50M,23.20M,20.80M,243.80M,53.90M,-19.70M,-9.90M,184.20M,-0.20M,46.80M,23.41M,79.10M,26.44M,27.96M,22.94M,76.60M,55.30M,43.10M,29.40M,60.70M,55.90M,35.90M,28.20M,70.80M,51.40M,34.40M,23.40M,67.50M,51.90M,36.40M,26.90M,60.30M,49.00M,28.50M,21.50M,65.00M,48.60M,27.30M,21.70M,58.60M,49.00M,20.80M,18.60M,48.20M,41.70M,25.30M,20.30M,46.10M,30.70M,27.90M,21.10M,45.70M,40.90M,23.30M,21.30M,48.30M,43.10M,22.30M,19.10M,38.40M,15.00M,14.00M,13.00M,23.00M,22.10M,-86.70M,16.20M,34.30M,33.20M,22.70M,18.10M,33.10M,28.70M,27.00M,33.30M,51.50M
Income from Discontinued Operations,,,,,,,,,,,,,,3.50M,-0.10M,,-5.00M,-19.70M,45.40M,82.80M,74.70M,48.60M,-0.30M,-0.20M,268.70M,-1.40M,-0.70M,44.50M,1.90M,2.70M,1.10M,0.90M,-8.70M,-1.60M,-0.60M,0.40M,6.00M,-0.20M,0.10M,-0.10M,1.00M,-2.20M,-0.80M,-11.00M,30.80M,-11.10M,-222.00M,-90.20M,7.50M,3.10M,-2.20M,10.20M,-50.20M,-0.20M,-1.10M,-0.50M,-4.70M,-0.90M,30.70M,-2.40M,2.40M,7.10M,-0.90M,-3.10M,-2.00M,-8.10M,-364.20M,44.80M,-52.40M,,4.20M,-1.60M,1.60M,-0.40M,-1.70M,0.60M,2.10M,5.20M,,0.50M,,,,,,,,,,,,,,,,,,,,,,,,,,,,,,,,,,,,,,,,,,,,,,,,,,,,,,,,,,,,,,,,
"Extraordinary Items, Income Statement",,,,,,,,,,,,,,,,,,,,,,,,,,,,,,,,,,,,,,,,,,,,,,,,,,,,,0.00,,,0.40M,,,,,,,,,0.00,,,-8.80M,,,,,0.00,,,4.00M,,,,,,,,,,,,,,,,,,,,,,,,,,,,,,,,,,,,,,,,,,,,,,,,,,,,,,,,,,,,,,,,,,,,
Income Attributable to Minority Interest,,,,,,,,,,,,,,,,,0.00,,-8.70M,-6.90M,0.00,0.00,0.00,0.00,,,,,,,,,,,,,,,,,,,,,,,,,,,,,,,,,,,,,,-1.10M,-1.10M,-1.10M,3.40M,-1.10M,-1.10M,-2.50M,0.40M,-6.90M,-5.10M,-5.10M,-12.60M,-5.10M,-7.10M,-7.00M,-12.90M,-5.20M,-5.00M,-7.00M,-5.597M,-7.634M,-5.668M,-2.70M,,,,,,,,,,,,,,,,,,,,,,,,,,,,,,,,,,,,,,,,,,,,,,,,,,,,,,,,,,,,
Preferred Stock Dividend,13.70M,13.80M,13.80M,13.80M,8.10M,5.60M,1.30M,,,,,,,,,,,,,,,,,,,,,,,,,,,,,,,,,,,,,,,,,,,,,,,,,,,,1.10M,1.10M,,,,,,,,,,,,,,,,,,,,,,,,,,,,,,,,,0.00,,,0.10M,0.80M,0.80M,0.80M,0.80M,0.80M,0.80M,0.80M,0.80M,,,,,,,,,,,,,,,,,,,,,,,,,,,,,,,,,,,,,,,,
Net Income,-139.30M,6.60M,296.90M,218.90M,-11.70M,-339.50M,24.50M,276.10M,-52.40M,14.00M,-44.40M,211.30M,88.80M,27.20M,28.90M,186.60M,59.40M,-4.90M,-36.40M,268.40M,154.20M,31.40M,78.20M,266.20M,151.80M,48.10M,71.70M,260.50M,134.00M,19.30M,69.40M,193.40M,14.70M,34.70M,40.20M,209.50M,24.00M,33.20M,28.10M,197.30M,89.50M,-15.40M,-4.80M,148.40M,162.00M,20.00M,-202.30M,99.30M,67.00M,11.00M,26.70M,216.70M,62.50M,25.80M,21.00M,172.90M,68.00M,-6.80M,40.10M,207.40M,161.40M,28.80M,34.60M,213.50M,139.80M,15.40M,-324.90M,258.30M,82.10M,23.20M,25.00M,242.20M,55.50M,-20.10M,-11.60M,188.80M,1.90M,52.00M,23.41M,79.60M,32.94M,27.96M,22.94M,76.60M,60.60M,43.10M,29.40M,60.70M,55.90M,35.90M,28.20M,70.80M,51.40M,34.40M,23.40M,67.50M,51.90M,36.40M,26.90M,60.30M,49.00M,28.50M,21.50M,65.00M,48.60M,27.30M,21.70M,58.60M,49.00M,20.80M,18.60M,48.20M,41.70M,25.30M,20.30M,46.10M,30.70M,27.90M,21.10M,45.70M,40.90M,23.30M,21.30M,48.30M,43.10M,22.30M,19.10M,38.40M,15.00M,14.00M,13.00M,23.00M,22.10M,-86.70M,16.20M,34.30M,33.20M,22.70M,18.10M,33.10M,28.70M,27.00M,33.30M,51.50M
Normalized Income,164.16M,7.257M,296.82M,219.06M,-6.444M,-304.47M,34.71M,258.58M,-39.20M,14.68M,25.22M,211.30M,94.70M,23.63M,28.87M,186.54M,67.52M,15.59M,-16.62M,185.79M,87.69M,-17.10M,78.03M,256.65M,-104.74M,43.23M,72.26M,215.87M,132.10M,16.15M,67.32M,191.46M,79.37M,35.48M,40.41M,207.40M,84.89M,32.75M,26.32M,195.79M,104.74M,-9.82M,-2.70M,158.78M,149.55M,17.52M,18.17M,189.50M,61.63M,4.773M,26.61M,207.38M,120.63M,25.93M,23.70M,176.04M,86.26M,-7.28M,7.24M,210.11M,163.64M,20.94M,35.44M,215.27M,125.78M,21.96M,35.88M,221.16M,114.80M,21.10M,21.07M,228.75M,44.90M,-13.34M,-15.24M,181.50M,1.30M,17.16M,21.79M,77.59M,34.14M,37.52M,24.48M,72.12M,55.92M,41.17M,29.99M,55.22M,55.65M,33.79M,25.77M,64.74M,48.63M,30.98M,22.08M,67.19M,49.26M,37.12M,26.96M,60.79M,45.63M,27.90M,22.64M,65.70M,48.60M,27.30M,21.70M,58.60M,49.00M,20.80M,18.60M,48.20M,41.70M,25.30M,20.30M,46.10M,30.70M,27.90M,21.10M,45.70M,40.90M,23.30M,21.30M,,,,,,,,,,,,,,,,,,,,,
EBITDA,130.80M,274.50M,641.10M,548.60M,96.10M,-202.10M,263.30M,576.60M,409.50M,247.40M,158.90M,561.00M,379.20M,253.50M,269.00M,514.90M,352.80M,248.00M,123.00M,514.80M,339.70M,200.60M,376.20M,686.90M,-91.80M,325.60M,350.60M,576.60M,426.40M,259.00M,355.10M,543.40M,270.00M,279.20M,297.70M,538.40M,281.00M,274.00M,290.40M,545.90M,379.70M,244.80M,258.70M,491.10M,453.70M,267.00M,263.30M,529.00M,325.50M,244.30M,284.90M,565.00M,431.20M,274.00M,271.70M,506.70M,331.10M,235.40M,264.30M,579.10M,473.20M,260.70M,291.60M,575.90M,423.50M,281.30M,313.20M,598.00M,502.40M,305.50M,271.50M,647.20M,418.20M,318.00M,303.10M,633.40M,342.00M,181.50M,178.32M,254.80M,157.59M,184.08M,162.57M,228.88M,163.60M,160.20M,141.50M,179.40M,181.80M,150.40M,137.50M,185.90M,167.60M,133.90M,122.90M,188.80M,154.10M,138.10M,120.70M,171.80M,142.20M,119.80M,110.70M,176.50M,464.90M,342.50M,348.80M,521.60M,462.60M,316.50M,329.30M,474.00M,429.00M,323.40M,320.40M,462.30M,423.70M,317.80M,325.90M,453.60M,451.70M,318.50M,322.80M,466.70M,425.50M,318.00M,315.40M,465.30M,392.60M,324.60M,313.40M,421.00M,399.00M,321.80M,365.80M,539.50M,522.80M,391.00M,389.80M,604.90M,512.60M,417.80M,453.40M,617.30M
Reconciled Depreciation,182.20M,182.20M,177.90M,175.10M,161.80M,148.50M,144.60M,144.70M,141.80M,143.00M,142.20M,143.30M,141.10M,136.30M,136.90M,132.80M,133.40M,132.50M,133.50M,125.00M,123.80M,65.30M,149.10M,148.70M,39.00M,144.50M,143.30M,143.60M,143.90M,125.30M,147.30M,145.40M,132.00M,134.90M,134.50M,134.30M,140.30M,153.10M,151.60M,149.80M,148.60M,148.80M,148.20M,143.70M,143.20M,140.70M,147.50M,135.60M,135.00M,124.40M,144.70M,136.10M,139.80M,138.40M,139.80M,138.90M,132.90M,142.90M,144.50M,141.40M,131.40M,132.60M,133.80M,132.40M,121.70M,132.40M,137.20M,124.60M,195.90M,127.40M,101.30M,149.40M,176.00M,171.60M,163.00M,161.10M,121.03M,84.10M,88.97M,80.10M,64.55M,78.05M,77.50M,72.90M,,,,,,,,,,,,,,,,,,,,,,,,,,,,,,,,,,,,,,,,,,,,,,,,,,,,,,,,,,,,
EBIT,-51.40M,92.30M,463.20M,373.50M,-65.70M,-350.60M,118.70M,431.90M,267.70M,104.40M,16.70M,417.70M,238.10M,117.20M,132.10M,382.10M,219.40M,115.50M,-10.50M,389.80M,215.90M,76.80M,227.10M,538.20M,-130.80M,181.10M,207.30M,433.00M,282.50M,133.70M,207.80M,398.00M,138.00M,144.30M,163.20M,404.10M,140.70M,120.90M,138.80M,396.10M,231.10M,96.00M,110.50M,347.40M,310.50M,126.10M,115.70M,393.40M,190.50M,106.90M,140.20M,428.90M,291.40M,135.60M,131.90M,367.80M,193.80M,92.50M,119.80M,437.70M,341.80M,128.10M,157.80M,443.50M,300.40M,148.90M,176.00M,473.40M,306.50M,178.10M,158.60M,497.80M,242.20M,146.40M,140.10M,472.20M,207.70M,97.40M,89.35M,174.70M,91.05M,106.02M,84.98M,155.98M,113.10M,95.80M,77.90M,116.10M,119.50M,85.70M,73.10M,127.60M,107.20M,75.50M,64.20M,135.30M,96.70M,87.40M,71.00M,122.70M,92.70M,71.20M,62.10M,128.90M,464.90M,342.50M,348.80M,521.60M,462.60M,316.50M,329.30M,474.00M,429.00M,323.40M,320.40M,462.30M,423.70M,317.80M,325.90M,453.60M,451.70M,318.50M,322.80M,466.70M,425.50M,318.00M,315.40M,465.30M,392.60M,324.60M,313.40M,421.00M,399.00M,321.80M,365.80M,539.50M,522.80M,391.00M,389.80M,604.90M,512.60M,417.80M,453.40M,617.30M
EPS Basic from Continuing Operations,-0.41,-0.02,0.76,0.55,-0.05,-0.95,0.07,0.82,-0.16,0.04,-0.14,0.65,0.29,0.07,0.09,0.58,0.20,0.05,-0.23,0.61,0.25,-0.05,0.25,0.85,-0.37,0.16,0.23,0.69,0.43,0.05,0.25,0.68,0.08,0.13,0.14,0.75,0.07,0.12,0.10,0.71,0.32,-0.05,-0.01,0.58,0.48,0.11,0.07,0.69,0.21,0.03,0.11,0.75,0.34,0.10,0.08,0.63,0.27,-0.02,0.03,0.77,0.59,0.08,0.13,0.83,0.54,0.09,0.15,0.88,0.61,0.11,0.10,1.19,0.16,-0.10,-0.05,0.90,-0.30,0.39,0.19,0.64,0.22,0.22,0.18,0.62,0.47,0.36,0.24,0.49,0.44,0.29,0.22,0.59,0.43,0.28,0.19,0.54,0.41,0.28,0.21,0.46,0.37,0.22,0.16,0.49,0.36,0.20,0.16,0.44,0.36,0.15,0.13,0.35,0.30,0.19,0.15,0.33,0.28,0.18,0.13,0.31,-0.09,0.14,0.12,0.33,,0.15,0.09,0.22,,0.05,0.05,0.11,,-0.59,0.07,0.19,,0.11,0.08,0.19,,0.14,0.19,0.33
EPS Basic from Discontinued Operations,,,,,,,,,,,,,,0.01,0.00,,-0.01,-0.07,0.12,0.24,0.24,0.15,0.00,0.00,0.85,0.00,0.00,0.15,0.01,0.01,0.00,0.00,-0.03,-0.01,0.00,0.00,0.02,0.00,0.00,0.00,0.00,0.00,0.00,-0.04,0.11,-0.03,-0.81,-0.33,0.03,0.01,-0.01,0.04,-0.11,0.00,0.00,0.00,-0.02,-0.01,0.12,-0.01,0.00,0.03,0.00,-0.02,0.00,-0.03,-1.39,0.16,-0.25,0.00,0.02,-0.01,0.11,0.00,-0.01,0.00,0.15,0.04,0.00,0.00,0.05,0.00,0.00,0.00,0.04,0.00,0.00,0.00,0.00,0.00,0.00,0.00,0.00,0.00,0.00,0.00,0.00,0.00,0.00,0.00,0.00,0.00,0.00,0.00,0.00,0.00,0.00,0.00,0.00,0.00,0.00,0.00,0.00,0.00,0.00,0.00,0.00,0.00,0.00,0.00,0.00,0.00,0.00,0.00,,0.00,0.00,0.00,,0.00,0.00,0.00,,0.00,0.00,0.00,,0.00,0.00,0.00,,0.00,0.00,0.00
EPS Basic from Extraordinaries,,,,,,,,,,,,,,,,,,,,,,,,,,,,,,,,,,,,,,,,,,,,,,,,,,,,,0.00,,,0.00,,,,,,,,,0.00,,,0.00,,,,,0.00,,,0.00,,,,,,,,,,,,,,,,,,,,,,,,,,,,,,,,,,,,,,,,,,,,,,,,,,,,,,,,,,,,,,,,,,,,
Normalized Basic EPS,0.3949,-0.0182,0.7598,0.5504,-0.0358,-0.8537,0.0988,0.7682,-0.1209,0.0420,0.0742,0.65,0.2977,0.0698,0.0896,0.5798,0.2098,0.0525,-0.0247,0.6106,0.2759,-0.0497,0.2485,0.8190,-0.3312,0.1399,0.2296,0.6896,0.43,0.0484,0.2466,0.6763,0.2790,0.1271,0.1386,0.7439,0.3100,0.1177,0.0940,0.7042,0.3788,-0.0377,-0.0053,0.5777,0.5470,0.0604,0.0644,0.69,0.2178,0.0186,0.1016,0.7532,0.3690,0.0998,0.0859,0.6412,0.3188,-0.0251,0.0220,0.7712,0.6073,0.0771,0.1298,0.8249,0.4774,0.0841,0.1369,0.8755,0.5225,0.0998,0.1013,1.117,0.1167,-0.0690,-0.0760,0.8868,-0.2877,0.1441,0.1766,0.6278,0.2828,0.2953,0.1921,0.5838,0.4753,0.3438,0.2448,0.4457,0.4380,0.2729,0.2010,0.5395,0.4067,0.2522,0.1793,0.5375,0.3887,0.2857,0.2105,0.4638,0.3442,0.2152,0.1688,0.4953,0.36,0.20,0.16,0.44,0.36,0.15,0.13,0.35,0.30,0.19,0.15,0.33,0.28,0.18,0.13,0.31,-0.09,0.14,0.12,0.33,,0.15,0.09,0.22,,0.05,0.05,0.11,,-0.59,0.07,0.19,,0.11,0.08,0.19,,0.14,0.19,0.33
EPS Basic,-0.41,-0.02,0.76,0.55,-0.05,-0.95,0.07,0.82,-0.16,0.04,-0.14,0.65,0.27,0.08,0.09,0.58,0.19,-0.02,-0.11,0.85,0.49,0.10,0.25,0.85,0.48,0.16,0.23,0.84,0.44,0.06,0.25,0.68,0.05,0.12,0.14,0.75,0.09,0.12,0.10,0.71,0.32,-0.05,-0.01,0.54,0.59,0.08,-0.74,0.36,0.24,0.04,0.10,0.79,0.23,0.10,0.08,0.63,0.25,-0.03,0.15,0.76,0.59,0.11,0.13,0.81,0.54,0.06,-1.24,1.00,0.36,0.11,0.12,1.18,0.27,-0.10,-0.06,0.92,-0.15,0.43,0.19,0.64,0.27,0.22,0.18,0.62,0.51,0.36,0.24,0.49,0.44,0.29,0.22,0.59,0.43,0.28,0.19,0.54,0.41,0.28,0.21,0.46,0.37,0.22,0.16,0.49,0.36,0.20,0.16,0.44,0.36,0.15,0.13,0.35,0.30,0.19,0.15,0.33,0.28,0.18,0.13,0.31,-0.09,0.14,0.12,0.33,,0.15,0.09,0.22,,0.05,0.05,0.11,,-0.59,0.07,0.19,,0.11,0.08,0.19,,0.14,0.19,0.33
EPS Diluted from Continuing Operations,-0.41,-0.02,0.75,0.55,-0.05,-0.95,0.07,0.81,-0.16,0.04,-0.14,0.65,0.28,0.07,0.09,0.58,0.20,0.05,-0.23,0.61,0.25,-0.05,0.25,0.85,-0.37,0.16,0.23,0.69,0.43,0.05,0.23,0.66,0.07,0.13,0.14,0.73,0.06,0.12,0.10,0.71,0.32,-0.05,-0.01,0.58,0.48,0.10,0.07,0.69,0.21,0.03,0.11,0.75,0.33,0.10,0.08,0.63,0.27,-0.02,0.03,0.77,0.59,0.08,0.13,0.82,0.54,0.09,0.15,0.87,0.61,0.11,0.10,1.17,0.15,-0.10,-0.05,0.88,-0.30,0.38,0.18,0.62,0.20,0.22,0.18,0.62,0.47,0.35,0.24,0.48,0.43,0.29,0.22,0.59,0.42,0.28,0.19,0.54,0.40,0.28,0.21,0.46,0.36,0.22,0.16,0.49,0.36,0.20,0.16,0.44,0.35,0.15,0.13,0.35,0.29,0.19,0.15,0.33,0.27,0.18,0.13,0.31,-0.10,0.14,0.12,0.33,,0.15,0.09,0.22,,0.05,0.05,0.11,,-0.59,0.07,0.19,,0.11,0.08,0.19,,0.14,0.19,0.33
EPS Diluted from Discontinued Operations,,,,,,,,,,,,,,0.01,0.00,,-0.01,-0.07,0.12,0.24,0.23,0.15,0.00,0.00,0.85,0.00,0.00,0.14,0.01,0.01,0.00,0.00,-0.03,-0.01,0.00,0.00,0.02,0.00,0.00,0.00,0.00,0.00,0.00,-0.04,0.11,-0.03,-0.81,-0.33,0.03,0.01,-0.01,0.04,-0.11,0.00,0.00,0.00,-0.02,-0.01,0.11,-0.01,0.00,0.03,0.00,-0.02,0.00,-0.03,-1.39,0.16,-0.26,0.00,0.02,-0.01,0.11,0.00,-0.01,0.00,0.15,0.04,0.00,0.00,0.05,0.00,0.00,0.00,0.04,0.00,0.00,0.00,0.00,0.00,0.00,0.00,0.00,0.00,0.00,0.00,0.00,0.00,0.00,0.00,0.00,0.00,0.00,0.00,0.00,0.00,0.00,0.00,0.00,0.00,0.00,0.00,0.00,0.00,0.00,0.00,0.00,0.00,0.00,0.00,0.00,0.00,0.00,0.00,,0.00,0.00,0.00,,0.00,0.00,0.00,,0.00,0.00,0.00,,0.00,0.00,0.00,,0.00,0.00,0.00
EPS Diluted from Extraordinaries,,,,,,,,,,,,,,,,,,,,,,,,,,,,,,,,,,,,,,,,,,,,,,,,,,,,,-0.0000,,,0.0015,,,,,,,,,-0.0001,,,-0.0347,,,,,-0.0001,,,0.0191,,,,,,,,,,,,,,,,,,,,,,,,,,,,,,,,,,,,,,,,,,,,,,,,,,,,,,,,,,,,,,,,,,,,
Normalized Diluted EPS,0.3920,-0.0182,0.7498,0.5504,-0.0358,-0.8537,0.0988,0.7583,-0.1211,0.0420,0.0742,0.65,0.2877,0.0698,0.0896,0.5798,0.2098,0.0525,-0.0247,0.6106,0.2757,-0.0497,0.2485,0.8191,-0.3315,0.1400,0.2296,0.6896,0.43,0.0485,0.2267,0.6564,0.2618,0.1272,0.1386,0.7240,0.2958,0.1177,0.0940,0.7042,0.3788,-0.0377,-0.0053,0.5778,0.5466,0.0507,0.0644,0.69,0.2178,0.0186,0.1017,0.7532,0.3589,0.0998,0.0859,0.6411,0.3185,-0.0250,0.0221,0.7712,0.6073,0.0771,0.1298,0.8150,0.4774,0.0842,0.1370,0.8655,0.5226,0.0999,0.1013,1.098,0.1075,-0.0690,-0.0760,0.8671,-0.2877,0.1398,0.1666,0.6078,0.2591,0.2953,0.1921,0.5838,0.4753,0.3343,0.2448,0.4366,0.4281,0.2729,0.2010,0.5395,0.3973,0.2522,0.1793,0.5375,0.3793,0.2857,0.2105,0.4638,0.3350,0.2152,0.1688,0.4953,0.36,0.20,0.16,0.44,0.35,0.15,0.13,0.35,0.29,0.19,0.15,0.33,0.27,0.18,0.13,0.31,-0.10,0.14,0.12,0.33,,0.15,0.09,0.22,,0.05,0.05,0.11,,-0.59,0.07,0.19,,0.11,0.08,0.19,,0.14,0.19,0.33
EPS Diluted,-0.41,-0.02,0.75,0.55,-0.05,-0.95,0.07,0.81,-0.16,0.04,-0.14,0.65,0.27,0.08,0.09,0.58,0.19,-0.02,-0.11,0.85,0.48,0.10,0.25,0.85,0.48,0.16,0.23,0.83,0.44,0.06,0.23,0.66,0.04,0.12,0.14,0.73,0.08,0.12,0.10,0.71,0.32,-0.05,-0.01,0.54,0.59,0.07,-0.74,0.36,0.24,0.04,0.10,0.79,0.22,0.10,0.08,0.63,0.25,-0.03,0.14,0.76,0.59,0.11,0.13,0.81,0.54,0.06,-1.24,0.99,0.36,0.11,0.12,1.16,0.26,-0.10,-0.06,0.90,-0.15,0.42,0.18,0.62,0.25,0.22,0.18,0.62,0.51,0.35,0.24,0.48,0.43,0.29,0.22,0.59,0.42,0.28,0.19,0.54,0.40,0.28,0.21,0.46,0.36,0.22,0.16,0.49,0.36,0.20,0.16,0.44,0.35,0.15,0.13,0.35,0.29,0.19,0.15,0.33,0.27,0.18,0.13,0.31,-0.10,0.14,0.12,0.33,,0.15,0.09,0.22,,0.05,0.05,0.11,,-0.59,0.07,0.19,,0.11,0.08,0.19,,0.14,0.19,0.33
Average Basic Shares Outstanding,377.00M,374.10M,373.90M,373.40M,369.70M,363.90M,354.20M,338.00M,337.50M,331.10M,325.10M,323.70M,323.00M,322.30M,321.70M,320.30M,318.60M,318.10M,317.50M,316.60M,315.70M,315.40M,315.00M,314.20M,313.30M,312.80M,312.20M,311.10M,309.90M,290.30M,284.40M,282.90M,281.30M,280.80M,280.20M,279.30M,278.70M,278.10M,277.60M,276.90M,276.00M,275.40M,274.70M,274.20M,274.00M,274.00M,274.00M,273.90M,273.80M,273.90M,273.80M,273.60M,273.20M,272.50M,272.40M,272.30M,271.90M,271.70M,271.20M,270.30M,267.30M,262.70M,262.50M,262.30M,256.03M,261.40M,261.30M,253.80M,225.01M,205.70M,205.60M,205.50M,208.02M,205.40M,205.30M,205.00M,121.51M,120.56M,120.57M,124.30M,122.49M,127.07M,127.47M,123.55M,117.87M,119.72M,122.50M,123.88M,127.68M,123.79M,128.18M,120.00M,118.67M,122.86M,123.16M,124.81M,124.01M,127.14M,124.29M,129.35M,130.41M,125.91M,129.38M,131.02M,132.68M,132.50M,130.62M,131.36M,134.16M,133.33M,136.92M,135.43M,137.02M,128.95M,130.00M,137.27M,88.23M,137.22M,137.69M,137.10M,145.76M,142.14M,148.33M,146.62M,146.62M,146.56M,146.56M,146.49M,146.49M,146.42M,146.42M,146.42M,146.34M,146.26M,146.09M,146.09M,146.09M,142.10M,140.54M,139.03M,139.03M,135.92M,134.71M,134.71M
Average Diluted Shares Outstanding,378.40M,374.10M,375.20M,374.70M,369.70M,363.90M,355.20M,339.00M,339.20M,332.40M,325.10M,325.30M,324.40M,323.90M,323.20M,322.50M,318.60M,321.50M,317.50M,317.40M,318.40M,315.40M,316.10M,315.10M,315.40M,313.80M,313.20M,312.10M,311.50M,300.00M,295.80M,293.10M,291.80M,289.00M,287.10M,285.00M,283.70M,279.90M,278.40M,277.50M,276.00M,275.40M,274.70M,276.70M,275.40M,275.50M,275.40M,275.40M,274.70M,274.70M,274.90M,274.80M,274.00M,273.30M,273.20M,273.10M,273.30M,273.70M,273.10M,272.10M,268.50M,264.60M,264.50M,264.30M,256.03M,263.40M,263.10M,256.20M,225.33M,208.10M,208.20M,208.20M,211.71M,205.40M,205.30M,209.40M,121.51M,123.41M,120.57M,124.30M,130.32M,127.07M,127.47M,123.55M,117.87M,123.14M,122.50M,126.46M,130.91M,123.79M,128.18M,120.00M,122.10M,122.86M,123.16M,124.81M,127.76M,127.14M,124.29M,129.35M,134.63M,125.91M,129.38M,131.02M,132.68M,132.50M,130.62M,131.36M,139.55M,133.33M,136.92M,135.43M,142.62M,128.95M,130.00M,137.27M,93.84M,137.22M,137.69M,137.10M,145.76M,142.14M,148.33M,146.62M,146.62M,146.56M,146.56M,146.49M,146.49M,146.42M,146.42M,146.42M,146.34M,146.26M,146.09M,146.09M,146.09M,142.10M,140.54M,139.03M,139.03M,135.92M,134.71M,134.71M
Dividend Per Share,0.20,0.20,0.20,0.20,0.195,0.195,0.195,0.195,0.175,0.175,0.175,0.175,0.165,0.165,0.155,0.155,0.155,0.155,0.26,0.26,0.26,0.26,0.25,0.25,0.25,0.25,0.24,0.24,0.24,0.24,0.23,0.23,0.23,0.23,0.23,0.23,0.23,0.23,0.23,0.23,0.23,0.23,0.23,0.23,0.23,0.23,0.23,0.23,0.23,0.23,0.23,0.23,0.23,0.23,0.23,0.23,0.23,0.23,0.23,0.23,0.23,0.23,0.23,0.23,0.23,0.29,0.29,0.29,0.29,0.29,0.29,0.29,0.29,0.29,0.29,0.29,0.27,0.27,0.27,0.27,0.255,0.255,0.255,0.255,0.24,0.24,0.24,0.24,0.225,0.225,0.225,0.225,0.21,0.21,0.21,0.21,0.195,0.195,0.195,0.195,0.18,0.18,0.18,0.18,0.165,0.165,0.165,0.165,0.155,0.155,0.155,0.155,0.145,0.145,0.145,0.145,0.13,0.13,0.13,0.13,0.105,0.105,,,,,,,,,,,,,,,,,,,,,,
As Originally Reported,AOR,AOR,AOR,AOR,AOR,AOR,AOR,AOR,AOR,AOR,AOR,AOR,AOR,AOR,AOR,AOR,AOR,AOR,AOR,AOR,AOR,AOR,AOR,AOR,AOR,AOR,AOR,AOR,AOR,AOR,AOR,AOR,AOR,AOR,AOR,AOR,AOR,AOR,AOR,AOR,AOR,AOR,AOR,AOR,,,,,,,,,,,,,,,,,,,,,,,,,,,,,,,,,,,,,,,,,,,,,,,,,,,,,,,,,,,,,,,,,,,,,,,,,,,,,,,,,,,,,,,,,,,,,,,,,,,,
Restated,,,,,Restated,Restated,Restated,Restated,Restated,Restated,Restated,Restated,Restated,Restated,Restated,Restated,Restated,Restated,Restated,Restated,Restated,Restated,Restated,Restated,Restated,Restated,Restated,Restated,Restated,Restated,Restated,Restated,Restated,Restated,Restated,Restated,Restated,Restated,Restated,Restated,Restated,Restated,Restated,Restated,Restated,Restated,Restated,Restated,,,,,,,,,,,,,,,,,,,,,,,,,,,,,,,,,,,,,,,,,,,,,,,,,,,,,,,,,,,,,,,,,,,,,,,,,,,,,,,,,,,,,,,,,,,,,,,,
