Income (Quarterly),2019-12,2019-09,2019-06,2019-03,2018-12,2018-09,2018-06,2018-03,2017-12,2017-09,2017-06,2017-03,2016-12,2016-09,2016-06,2016-03,2015-12,2015-09,2015-06,2015-03,2014-12,2014-09,2014-06,2014-03,2013-12,2013-09,2013-06,2013-03,2012-12,2012-09,2012-06,2012-03,2011-12,2011-09,2011-06,2011-03,2010-12,2010-09,2010-06,2010-03,2009-12,2009-09,2009-06,2009-03,2008-12,2008-09,2008-06,2008-03,2007-12,2007-09,2007-06,2007-03,2006-12,2006-09,2006-06,2006-03,2005-12,2005-09,2005-06,2005-03,2004-12,2004-09,2004-06,2004-03,2003-12,2003-09,2003-06,2003-03,2002-12,2002-09,2002-06,2002-03,2001-12,2001-09,2001-06,2001-03,2000-12,2000-09,2000-06,2000-03,1999-12,1999-09,1999-06,1999-03,1998-12,1998-09,1998-06,1998-03,1997-12,1997-09,1997-06,1997-03,1996-12,1996-09,1996-06,1996-03,1995-12,1995-09,1995-06,1995-03,1994-12,1994-09,1994-06,1994-03,1993-12,1993-09,1993-06,1993-03,1992-12,1992-09,1992-06,1992-03,1991-12,1991-09,1991-06,1991-03,1990-12,1990-09,1990-06,1990-03,1989-12,1989-09,1989-06,1989-03,1988-12,1988-09,1988-06,1988-03,1987-12,1987-09,1987-06,1987-03,1986-12,1986-09,1986-06,1986-03,1985-12,1985-09,1985-06,1985-03,1984-12,1984-09,1984-06,1984-03
Operating Revenue,4.743B,4.432B,3.943B,4.011B,4.088B,4.381B,4.234B,4.056B,4.10B,4.517B,4.25B,4.268B,4.713B,4.81B,4.169B,3.974B,4.167B,4.55B,4.217B,3.899B,4.308B,4.939B,3.952B,3.891B,3.975B,4.175B,3.776B,3.672B,3.83B,3.976B,3.593B,3.641B,3.815B,3.86B,3.684B,3.597B,3.621B,3.513B,3.232B,3.475B,3.539B,3.235B,3.194B,3.431B,3.643B,3.674B,3.578B,3.733B,3.416B,3.279B,3.187B,3.356B,3.206B,3.168B,3.017B,3.148B,3.733B,2.804B,2.498B,2.669B,2.98B,2.623B,2.749B,2.722B,2.477B,3.062B,2.926B,2.133B,2.397B,2.947B,2.937B,2.935B,565.00M,3.719B,5.013B,6.673B,-5.582B,7.504B,5.638B,5.008B,4.794B,6.217B,4.682B,5.126B,5.13B,5.307B,4.787B,4.353B,4.744B,4.063B,3.083B,3.365B,2.701B,2.522B,2.139B,2.249B,2.221B,2.645B,2.448B,2.307B,2.638B,2.855B,2.440B,2.514B,2.707B,2.947B,2.464B,2.464B,2.558B,2.799B,2.520B,2.420B,2.635B,2.520B,2.352B,2.271B,2.452B,2.598B,2.173B,2.248B,2.147B,2.246B,2.086B,2.109B,2.044B,1.966B,1.767B,1.870B,1.831B,1.828B,1.775B,1.752B,1.928B,2.001B,1.877B,2.012B,2.067B,2.167B,2.024B,2.172B,2.105B,2.027B,1.813B,1.885B
Revenue,4.743B,4.432B,3.943B,4.011B,4.088B,4.381B,4.234B,4.056B,4.10B,4.517B,4.25B,4.268B,4.713B,4.81B,4.169B,3.974B,4.167B,4.55B,4.217B,3.899B,4.308B,4.939B,3.952B,3.891B,3.975B,4.175B,3.776B,3.672B,3.83B,3.976B,3.593B,3.641B,3.815B,3.86B,3.684B,3.597B,3.621B,3.513B,3.232B,3.475B,3.539B,3.235B,3.194B,3.431B,3.643B,3.674B,3.578B,3.733B,3.416B,3.279B,3.187B,3.356B,3.206B,3.168B,3.017B,3.148B,3.733B,2.804B,2.498B,2.669B,2.98B,2.623B,2.749B,2.722B,2.477B,3.062B,2.926B,2.133B,2.397B,2.947B,2.937B,2.935B,565.00M,3.719B,5.013B,6.673B,-5.582B,7.504B,5.638B,5.008B,4.794B,6.217B,4.682B,5.126B,5.13B,5.307B,4.787B,4.353B,4.744B,4.063B,3.083B,3.365B,2.701B,2.522B,2.139B,2.249B,2.221B,2.645B,2.448B,2.307B,2.638B,2.855B,2.440B,2.514B,2.707B,2.947B,2.464B,2.464B,2.558B,2.799B,2.520B,2.420B,2.635B,2.520B,2.352B,2.271B,2.452B,2.598B,2.173B,2.248B,2.147B,2.246B,2.086B,2.109B,2.044B,1.966B,1.767B,1.870B,1.831B,1.828B,1.775B,1.752B,1.928B,2.001B,1.877B,2.012B,2.067B,2.167B,2.024B,2.172B,2.105B,2.027B,1.813B,1.885B
Cost of Goods Sold,3.298B,3.344B,2.887B,3.025B,3.176B,2.936B,2.828B,2.712B,2.963B,2.868B,2.849B,2.689B,2.979B,3.476B,3.069B,3.182B,3.285B,3.352B,2.879B,3.197B,3.258B,3.203B,2.877B,2.869B,3.107B,3.361B,2.624B,2.667B,3.24B,2.745B,2.52B,2.57B,6.845B,1.394B,1.164B,1.396B,5.819B,1.284B,1.11B,1.415B,1.36B,1.131B,1.071B,1.44B,1.496B,1.633B,1.584B,1.802B,1.435B,1.279B,1.28B,1.477B,1.285B,1.182B,1.149B,1.403B,1.682B,1.068B,834.00M,1.016B,,1.031B,963.00M,1.139B,923.00M,895.00M,890.00M,1.015B,882.00M,658.00M,789.00M,455.00M,-679.00M,1.159B,2.402B,7.072B,-4.168B,6.852B,4.204B,3.268B,3.138B,4.258B,664.00M,3.452B,3.668B,3.271B,,,3.249B,2.191B,1.394B,1.742B,,,,,,,,542.40M,,,,,,,,,,,,,,,,,,,,,,,,,,,,,,,,,,,,,,,,,,,,
Gross Profit,1.445B,1.088B,1.056B,986.00M,912.00M,1.445B,1.406B,1.344B,1.137B,1.649B,1.401B,1.579B,1.734B,1.334B,1.10B,792.00M,882.00M,1.198B,1.338B,702.00M,1.05B,1.736B,1.075B,1.022B,868.00M,814.00M,1.152B,1.005B,590.00M,1.231B,1.073B,1.071B,-3.03B,2.466B,2.52B,2.201B,-2.198B,2.229B,2.122B,2.06B,2.179B,2.104B,2.123B,1.991B,2.147B,2.041B,1.994B,1.931B,1.981B,2.00B,1.907B,1.879B,1.921B,1.986B,1.868B,1.745B,2.051B,1.736B,1.664B,1.653B,,1.592B,1.786B,1.583B,1.554B,2.167B,2.036B,1.118B,1.515B,2.289B,2.148B,2.48B,1.244B,2.56B,2.611B,-399.00M,-1.414B,652.00M,1.434B,1.74B,1.656B,1.959B,4.018B,1.674B,1.462B,2.036B,,,1.495B,1.872B,1.689B,1.623B,,,,,,,,1.765B,,,,,,,,,,,,,,,,,,,,,,,,,,,,,,,,,,,,,,,,,,,,
SG&A Expense,,,,,,,,,,,,,,,,,,,,,,,,,,,,,,,,,,,,,,,,,,,,,,,,,,,,,,,,,,,,,,,,,,,,,,,,,,,,,,,,,,,,,,,,,,208.20M,200.30M,,,,,,,,,261.10M,,,,,,,,,,,,,,,,,,,,,,,,,,,,,,,,,,,,,,,,,,,,
Special Income and Charges,-5.077B,-2.621B,-3.956B,-127.00M,-9.663B,10.00M,-2.125B,7.00M,0.00,-53.00M,46.00M,,,,,,,,,,,,,,,,,,,,,,,18.00M,21.00M,17.00M,,29.00M,2.00M,-6.00M,4.00M,23.00M,22.00M,18.00M,10.00M,-17.00M,5.00M,5.00M,7.00M,7.00M,10.00M,4.00M,-19.00M,-22.00M,28.00M,,-3.00M,-14.00M,,-1.00M,,4.00M,-14.00M,-27.00M,-30.00M,7.00M,,8.00M,-9.00M,60.00M,-17.00M,20.00M,0.00,-38.00M,4.00M,-9.00M,14.00M,-14.00M,-14.00M,15.00M,-44.00M,20.00M,40.00M,21.00M,41.00M,8.00M,,,98.00M,9.40M,71.70M,20.00M,,,,,,,,16.90M,,,,,,,,,,,,,,,,,,,,,,,,,,,,,,,,,,,,,,,,,,,,
Non Income Taxes,,,,,,,,,,,,,,,,,,,,,,,,,,,,,,,,,,,,,,,,,,,,,,,,,,,,,,,,,,,,,,,,,,,,,,,,,,,,,,,,,,,,,,,,,,74.40M,80.60M,,,,,,,,,73.90M,,,,,,,,,,,,,,,,,,,,,,,,,,,,,,,,,,,,,,,,,,,,
Operating Interest Expense,719.00M,52.00M,60.00M,103.00M,251.00M,232.00M,226.00M,220.00M,225.00M,220.00M,225.00M,218.00M,208.00M,211.00M,207.00M,203.00M,198.00M,194.00M,192.00M,189.00M,187.00M,174.00M,188.00M,185.00M,183.00M,179.00M,177.00M,176.00M,175.00M,178.00M,176.00M,174.00M,173.00M,176.00M,174.00M,177.00M,174.00M,167.00M,175.00M,168.00M,172.00M,174.00M,178.00M,181.00M,,,185.00M,187.00M,,,,,,,,,,,,,,,,,,,,,,,,,,,,,,,,,,,,,,,,,,,,,,,,,,,,,,,,,,,,,,,,,,,,,,,,,,,,,,,,,,,,,,,,,,,,,,,,
Operating Interest Income,20.00M,18.00M,22.00M,22.00M,41.00M,14.00M,12.00M,9.00M,9.00M,9.00M,8.00M,5.00M,6.00M,8.00M,5.00M,4.00M,3.00M,2.00M,3.00M,1.00M,2.00M,2.00M,2.00M,3.00M,3.00M,2.00M,2.00M,2.00M,1.00M,2.00M,3.00M,1.00M,0.00,2.00M,3.00M,2.00M,2.00M,3.00M,2.00M,2.00M,6.00M,1.00M,17.00M,9.00M,,,33.00M,26.00M,,,,,,,,,,,,,,,,,,,,,,,,,,,,,,,,,,,,,,,,,,,,,,,,,,,,,,,,,,,,,,,,,,,,,,,,,,,,,,,,,,,,,,,,,,,,,,,,
Net Operating Interest Income,-699.00M,-34.00M,-38.00M,-81.00M,-210.00M,-218.00M,-214.00M,-211.00M,-216.00M,-211.00M,-217.00M,-213.00M,-202.00M,-203.00M,-202.00M,-199.00M,-195.00M,-192.00M,-189.00M,-188.00M,-185.00M,-172.00M,-186.00M,-182.00M,-180.00M,-177.00M,-175.00M,-174.00M,-174.00M,-176.00M,-173.00M,-173.00M,-173.00M,-174.00M,-171.00M,-175.00M,-172.00M,-164.00M,-173.00M,-166.00M,-166.00M,-173.00M,-161.00M,-172.00M,,,-152.00M,-161.00M,,,,,,,,,,,,,,,,,,,,,,,,,,,,,,,,,,,,,,,,,,,,,,,,,,,,,,,,,,,,,,,,,,,,,,,,,,,,,,,,,,,,,,,,,,,,,,,,
Other Operating Expenses,,,,,,,,,,,,,,,,,,,,,,,,,,,,,,,,,,,,,,,,,,,,,,,,,,,,,,,,,,,2.00M,,,,4.00M,-4.898B,80.00M,7.00M,78.00M,35.00M,138.00M,24.00M,264.00M,16.00M,128.00M,-7.00M,8.00M,,3.263B,-2.176B,,,,,2.224B,,,-24.00M,,,,-23.30M,8.30M,-34.00M,,,,,,,,13.30M,,,,,,,,,,,,,,,,,,,,,,,,,,,,,,,,,,,,,,,,,,,,
Total Operating Expenses,801.00M,840.00M,796.00M,797.00M,779.00M,759.00M,746.00M,752.00M,720.00M,710.00M,712.00M,712.00M,665.00M,694.00M,699.00M,697.00M,677.00M,653.00M,651.00M,631.00M,667.00M,671.00M,557.00M,538.00M,535.00M,523.00M,516.00M,503.00M,465.00M,617.00M,606.00M,584.00M,-3.388B,2.058B,1.828B,1.717B,-2.69B,1.726B,1.427B,1.442B,1.656B,1.497B,1.467B,1.478B,1.602B,1.402B,1.41B,1.438B,1.532B,1.418B,1.352B,1.35B,1.482B,1.251B,1.403B,1.276B,1.635B,1.221B,1.126B,1.152B,,1.083B,1.114B,-3.771B,1.242B,997.00M,1.316B,1.056B,1.031B,1.203B,1.346B,1.179B,354.00M,976.00M,1.164B,941.00M,5.442B,23.00M,812.00M,1.064B,2.235B,1.443B,3.538B,1.213B,931.00M,1.494B,,,1.196B,1.252B,1.326B,1.159B,,,,,,,,1.035B,,,,,,,,,,,,,,,,,,,,,,,,,,,,,,,,,,,,,,,,,,,,
Operating Income,644.00M,248.00M,260.00M,189.00M,133.00M,686.00M,660.00M,592.00M,417.00M,939.00M,689.00M,867.00M,1.069B,640.00M,401.00M,95.00M,205.00M,545.00M,687.00M,71.00M,383.00M,1.065B,518.00M,484.00M,333.00M,291.00M,636.00M,502.00M,125.00M,614.00M,467.00M,487.00M,358.00M,408.00M,692.00M,484.00M,492.00M,503.00M,695.00M,618.00M,523.00M,607.00M,656.00M,513.00M,545.00M,639.00M,584.00M,493.00M,449.00M,582.00M,555.00M,529.00M,439.00M,735.00M,465.00M,469.00M,416.00M,515.00M,538.00M,501.00M,4.53B,509.00M,672.00M,5.354B,312.00M,1.17B,720.00M,62.00M,484.00M,1.086B,802.00M,1.301B,890.00M,1.584B,1.447B,-1.34B,-6.856B,629.00M,622.00M,676.00M,-579.00M,516.00M,480.00M,461.00M,531.00M,542.00M,4.787B,4.353B,299.00M,620.10M,362.70M,464.00M,-5.032B,2.522B,2.139B,2.249B,-4.637B,2.645B,2.448B,730.30M,2.638B,2.855B,2.440B,2.514B,2.707B,2.947B,2.464B,2.464B,2.558B,2.799B,2.520B,2.420B,2.635B,2.520B,2.352B,2.271B,2.452B,2.598B,2.173B,2.248B,2.147B,2.246B,2.086B,2.109B,2.044B,1.966B,1.767B,1.870B,1.831B,1.828B,1.775B,1.752B,1.928B,2.001B,1.877B,2.012B,2.067B,2.167B,2.024B,2.172B,2.105B,2.027B,1.813B,1.885B
Non-Operating Interest Income,20.00M,18.00M,22.00M,22.00M,41.00M,14.00M,12.00M,9.00M,9.00M,9.00M,8.00M,5.00M,6.00M,8.00M,5.00M,4.00M,3.00M,2.00M,3.00M,1.00M,2.00M,2.00M,2.00M,3.00M,3.00M,2.00M,2.00M,2.00M,1.00M,2.00M,3.00M,1.00M,0.00,2.00M,3.00M,2.00M,2.00M,3.00M,2.00M,2.00M,6.00M,1.00M,17.00M,9.00M,,,33.00M,26.00M,,,,,,,,,,,,,,,,,,,,,,,,,,,,,,,,,,,,,,,,,,,,,,,,,,,,,,,,,,,,,,,,,,,,,,,,,,,,,,,,,,,,,,,,,,,,,,,,
Non-Operating Interest Expense,719.00M,52.00M,60.00M,103.00M,251.00M,232.00M,226.00M,220.00M,225.00M,220.00M,225.00M,218.00M,208.00M,211.00M,207.00M,203.00M,198.00M,194.00M,192.00M,189.00M,187.00M,174.00M,188.00M,185.00M,183.00M,179.00M,177.00M,176.00M,175.00M,178.00M,176.00M,174.00M,173.00M,176.00M,174.00M,177.00M,174.00M,167.00M,175.00M,168.00M,172.00M,174.00M,178.00M,181.00M,,,185.00M,187.00M,,,,,,,,,,,,,,,,,,,,,,,,,,,,,,,,,,,,,,,,,,,,,,,,,,,,,,,,,,,,,,,,,,,,,,,,,,,,,,,,,,,,,,,,,,,,,,,,
Net Non-Operating Interest Income Expense,-699.00M,-34.00M,-38.00M,-81.00M,-210.00M,-218.00M,-214.00M,-211.00M,-216.00M,-211.00M,-217.00M,-213.00M,-202.00M,-203.00M,-202.00M,-199.00M,-195.00M,-192.00M,-189.00M,-188.00M,-185.00M,-172.00M,-186.00M,-182.00M,-180.00M,-177.00M,-175.00M,-174.00M,-174.00M,-176.00M,-173.00M,-173.00M,-173.00M,-174.00M,-171.00M,-175.00M,-172.00M,-164.00M,-173.00M,-166.00M,-166.00M,-173.00M,-161.00M,-172.00M,,,-152.00M,-161.00M,,,,,,,,,,,,,,,,,,,,,,,,,,,,,,,,,,,,,,,,,,,,,,,,,,,,,,,,,,,,,,,,,,,,,,,,,,,,,,,,,,,,,,,,,,,,,,,,
Other Income and Expenses,-5.026B,-2.559B,-3.89B,-56.00M,-9.557B,114.00M,-2.019B,115.00M,25.00M,-15.00M,72.00M,34.00M,-11.00M,24.00M,23.00M,27.00M,17.00M,24.00M,18.00M,58.00M,-28.00M,36.00M,43.00M,19.00M,-38.00M,26.00M,24.00M,28.00M,-14.00M,26.00M,32.00M,26.00M,-7.00M,18.00M,21.00M,17.00M,2.00M,29.00M,2.00M,-6.00M,4.00M,23.00M,22.00M,18.00M,10.00M,-17.00M,5.00M,5.00M,7.00M,7.00M,10.00M,4.00M,-19.00M,-22.00M,28.00M,,-3.00M,-14.00M,,-1.00M,,4.00M,-14.00M,-27.00M,-30.00M,7.00M,,8.00M,-9.00M,60.00M,-17.00M,20.00M,0.00,-38.00M,4.00M,-9.00M,14.00M,-14.00M,-14.00M,15.00M,-44.00M,20.00M,40.00M,21.00M,41.00M,8.00M,,,98.00M,9.40M,71.70M,20.00M,,,,,,,,16.90M,,,,,,,,,,,,,,,,,,,,,,,,,,,,,,,,,,,,,,,,,,,,
Net Interest Income,-699.00M,-34.00M,-38.00M,-81.00M,-210.00M,-218.00M,-214.00M,-211.00M,-216.00M,-211.00M,-217.00M,-213.00M,-202.00M,-203.00M,-202.00M,-199.00M,-195.00M,-192.00M,-189.00M,-188.00M,-185.00M,-172.00M,-186.00M,-182.00M,-180.00M,-177.00M,-175.00M,-174.00M,-174.00M,-176.00M,-173.00M,-173.00M,-173.00M,-174.00M,-171.00M,-175.00M,-172.00M,-164.00M,-173.00M,-166.00M,-166.00M,-173.00M,-161.00M,-172.00M,,,-152.00M,-161.00M,,,,,,,,,,,,,,,,,,,,,,,,,,,,,,,,,,,,,,,,,,,,,,,,,,,,,,,,,,,,,,,,,,,,,,,,,,,,,,,,,,,,,,,,,,,,,,,,
Pre-Tax Income,-5.081B,-2.345B,-3.668B,52.00M,-9.634B,582.00M,-1.573B,496.00M,226.00M,713.00M,544.00M,688.00M,856.00M,461.00M,222.00M,-77.00M,27.00M,377.00M,516.00M,-59.00M,170.00M,929.00M,375.00M,321.00M,115.00M,140.00M,485.00M,356.00M,-63.00M,464.00M,326.00M,340.00M,178.00M,252.00M,542.00M,326.00M,322.00M,368.00M,524.00M,446.00M,361.00M,457.00M,517.00M,359.00M,389.00M,467.00M,437.00M,337.00M,304.00M,429.00M,417.00M,395.00M,236.00M,601.00M,370.00M,338.00M,288.00M,378.00M,423.00M,360.00M,,369.00M,507.00M,5.109B,41.00M,841.00M,364.00M,-173.00M,300.00M,778.00M,438.00M,1.019B,719.00M,1.258B,1.213B,-1.561B,-6.969B,483.00M,452.00M,508.00M,-694.00M,346.00M,328.00M,281.00M,395.00M,351.00M,,,230.00M,474.20M,282.20M,324.00M,,,,,,,,594.20M,,,,,,,,,,,,,,,,,,,,,,,,,,,,,,,,,,,,,,,,,,,,
Provision for Income Taxes,-1.468B,-729.00M,-1.119B,-84.00M,-2.765B,15.00M,-593.00M,51.00M,108.00M,160.00M,134.00M,109.00M,160.00M,70.00M,12.00M,-187.00M,-111.00M,67.00M,110.00M,-93.00M,35.00M,115.00M,104.00M,91.00M,25.00M,-24.00M,153.00M,114.00M,-54.00M,100.00M,87.00M,104.00M,91.00M,49.00M,176.00M,124.00M,68.00M,107.00M,187.00M,185.00M,84.00M,136.00M,125.00M,115.00M,12.00M,163.00M,140.00M,110.00M,101.00M,151.00M,148.00M,139.00M,84.00M,208.00M,138.00M,124.00M,108.00M,139.00M,156.00M,142.00M,,141.00M,135.00M,2.076B,4.00M,333.00M,145.00M,-90.00M,109.00M,299.00M,159.00M,396.00M,268.00M,487.00M,463.00M,-610.00M,-2.774B,239.00M,204.00M,228.00M,-147.00M,149.00M,132.00M,114.00M,147.00M,141.00M,,,107.00M,217.60M,89.30M,151.00M,,,,,,,,265.50M,,,,,,,,,,,,,,,,,,,,,,,,,,,,,,,,,,,,,,,,,,,,
Income from Continuing Operations,-3.613B,-1.616B,-2.549B,136.00M,-6.869B,567.00M,-980.00M,445.00M,118.00M,553.00M,410.00M,579.00M,696.00M,391.00M,210.00M,110.00M,138.00M,310.00M,406.00M,34.00M,135.00M,814.00M,271.00M,230.00M,90.00M,164.00M,332.00M,242.00M,-9.00M,364.00M,239.00M,236.00M,87.00M,203.00M,366.00M,202.00M,254.00M,261.00M,337.00M,261.00M,277.00M,321.00M,392.00M,244.00M,377.00M,304.00M,297.00M,227.00M,203.00M,278.00M,269.00M,256.00M,152.00M,393.00M,232.00M,214.00M,180.00M,239.00M,267.00M,218.00M,187.00M,228.00M,372.00M,3.033B,37.00M,508.00M,219.00M,-83.00M,191.00M,479.00M,279.00M,623.00M,451.00M,771.00M,750.00M,-951.00M,-4.195B,244.00M,248.00M,280.00M,-547.00M,197.00M,196.00M,167.00M,248.00M,210.00M,174.00M,139.00M,123.00M,256.60M,192.90M,173.00M,173.90M,225.40M,111.80M,260.70M,227.10M,377.60M,405.50M,328.70M,103.50M,425.60M,241.40M,237.00M,208.40M,356.10M,245.40M,255.70M,205.80M,351.90M,336.40M,276.40M,246.90M,334.60M,305.50M,139.40M,216.40M,394.20M,166.20M,210.40M,103.00M,317.00M,236.20M,244.40M,-461.70M,240.60M,146.50M,136.70M,148.90M,204.50M,153.50M,90.30M,236.00M,299.60M,265.30M,280.30M,234.30M,278.20M,266.10M,252.20M,241.30M,232.40M,248.70M,252.50M
Income from Discontinued Operations,,,,,,,,,,,,,,,,,,,,,,,,,,,,,,,,,,,,,,,,,,,,,,,,,,,,,,,,,0.00,13.00M,,,,,,,0.00,2.00M,8.00M,-265.00M,-2.38B,-13.00M,,8.00M,,,,,78.00M,-19.00M,,,-64.00M,-12.00M,-14.00M,-8.00M,,,,,,,,,,,,,,,,,,,,,,,,,,,,,,,,,,,,,,,,,,,,,,,,,,,,,,,,,,,,
"Extraordinary Items, Income Statement",,,,,,,,,,,,,,,,,,,,,,,,,,,,,,,,,,,,,,,,,,,,,,,,,,,,,,,,,,,,,,,,,0.00,,,-6.00M,0.00,,-61.00M,,,,,,,,,,0.00,,,12.00M,,,,,,,,,,,,,,,,,,,,,,,,,,,,,,,,,,,,,,,,,,,,,,,,,,,,,,,,,,,,
Preferred Stock Dividend,4.00M,3.00M,4.00M,3.00M,4.00M,3.00M,4.00M,3.00M,4.00M,3.00M,4.00M,3.00M,4.00M,3.00M,4.00M,3.00M,4.00M,3.00M,4.00M,3.00M,4.00M,3.00M,4.00M,3.00M,4.00M,3.00M,4.00M,3.00M,4.00M,3.00M,4.00M,3.00M,4.00M,3.00M,4.00M,3.00M,4.00M,3.00M,4.00M,3.00M,4.00M,3.00M,4.00M,3.00M,,,4.00M,3.00M,,,,,,,,,,,,,,,,,,,,,,,,,,,,,,,,,,,,,,,,,,,,,,,,,,,,14.50M,,,,,,,,,,,,,,,,,,,,,,,,,,,,,,,,,,,,,,,,,,,,
Net Income,-3.613B,-1.616B,-2.549B,136.00M,-6.869B,567.00M,-980.00M,445.00M,118.00M,553.00M,410.00M,579.00M,696.00M,391.00M,210.00M,110.00M,138.00M,310.00M,406.00M,34.00M,135.00M,814.00M,271.00M,230.00M,90.00M,164.00M,332.00M,242.00M,-9.00M,364.00M,239.00M,236.00M,87.00M,203.00M,366.00M,202.00M,254.00M,261.00M,337.00M,261.00M,277.00M,321.00M,392.00M,244.00M,531.00M,304.00M,297.00M,227.00M,203.00M,278.00M,269.00M,256.00M,152.00M,393.00M,232.00M,214.00M,180.00M,252.00M,267.00M,218.00M,871.00M,228.00M,372.00M,3.033B,37.00M,510.00M,227.00M,-354.00M,-2.189B,466.00M,218.00M,631.00M,529.00M,771.00M,750.00M,-951.00M,-4.117B,225.00M,248.00M,280.00M,-611.00M,185.00M,182.00M,171.00M,196.00M,210.00M,174.00M,139.00M,94.00M,256.60M,192.90M,173.00M,173.90M,225.40M,111.80M,260.70M,227.10M,377.60M,405.50M,328.70M,103.50M,425.60M,241.40M,237.00M,208.40M,356.10M,245.40M,255.70M,205.80M,351.90M,336.40M,276.40M,246.90M,334.60M,305.50M,139.40M,216.40M,394.20M,166.20M,210.40M,103.00M,317.00M,236.20M,244.40M,-461.70M,240.60M,146.50M,136.70M,148.90M,204.50M,153.50M,90.30M,236.00M,299.60M,265.30M,280.30M,234.30M,278.20M,266.10M,252.20M,241.30M,232.40M,248.70M,252.50M
Normalized Income,-2.844M,190.20M,200.14M,228.71M,20.68M,557.26M,343.90M,438.72M,118.00M,594.11M,375.55M,579.00M,696.00M,391.00M,210.00M,110.00M,138.00M,310.00M,406.00M,34.00M,135.00M,814.00M,271.00M,230.00M,90.00M,164.00M,332.00M,242.00M,-9.00M,364.00M,239.00M,236.00M,87.00M,188.50M,351.82M,191.47M,254.00M,240.43M,335.71M,264.90M,273.93M,304.84M,375.32M,231.77M,367.31M,315.07M,293.60M,223.63M,198.33M,273.46M,262.55M,253.41M,164.24M,407.39M,214.44M,214.00M,181.88M,247.85M,267.00M,218.61M,187.00M,225.53M,382.27M,3.049B,64.07M,503.77M,219.00M,-87.80M,196.73M,442.06M,289.83M,610.77M,451.00M,794.29M,747.53M,-945.52M,-4.203B,252.40M,256.40M,271.00M,-512.32M,185.00M,172.00M,154.40M,222.26M,205.20M,174.00M,139.00M,64.20M,250.96M,143.89M,161.00M,173.90M,225.40M,111.80M,260.70M,227.10M,377.60M,405.50M,318.56M,103.50M,425.60M,241.40M,237.00M,208.40M,356.10M,245.40M,255.70M,205.80M,351.90M,336.40M,276.40M,246.90M,334.60M,305.50M,139.40M,216.40M,394.20M,166.20M,210.40M,103.00M,317.00M,236.20M,,,,,,,,,,,,,,,,,,,,,
EBITDA,-3.561B,-1.453B,-2.812B,952.00M,-8.604B,1.573B,-601.00M,1.468B,1.171B,1.643B,1.481B,1.618B,1.729B,1.366B,1.128B,823.00M,902.00M,1.224B,1.359B,761.00M,1.024B,1.774B,1.12B,1.044B,833.00M,842.00M,1.178B,1.035B,577.00M,1.259B,1.108B,1.098B,918.00M,994.00M,1.307B,994.00M,981.00M,1.036B,1.231B,1.12B,1.025B,1.142B,1.176B,1.003B,1.161B,1.074B,1.087B,961.00M,925.00M,1.087B,1.015B,983.00M,857.00M,1.21B,932.00M,883.00M,831.00M,996.00M,992.00M,886.00M,4.971B,915.00M,1.025B,5.666B,624.00M,1.482B,1.106B,372.00M,799.00M,1.40B,1.15B,1.621B,1.108B,1.854B,1.706B,-1.085B,-5.465B,2.481B,691.00M,1.023B,-475.00M,1.202B,1.04B,899.00M,531.00M,1.135B,4.787B,4.353B,661.00M,1.124B,828.40M,957.00M,-5.032B,2.522B,2.139B,2.249B,-4.637B,2.645B,2.448B,1.116B,2.638B,2.855B,2.440B,2.514B,2.707B,2.947B,2.464B,2.464B,2.558B,2.799B,2.520B,2.420B,2.635B,2.520B,2.352B,2.271B,2.452B,2.598B,2.173B,2.248B,2.147B,2.246B,2.086B,2.109B,2.044B,1.966B,1.767B,1.870B,1.831B,1.828B,1.775B,1.752B,1.928B,2.001B,1.877B,2.012B,2.067B,2.167B,2.024B,2.172B,2.105B,2.027B,1.813B,1.885B
Reconciled Depreciation,801.00M,840.00M,796.00M,797.00M,779.00M,759.00M,746.00M,752.00M,720.00M,710.00M,712.00M,712.00M,665.00M,694.00M,699.00M,697.00M,677.00M,653.00M,651.00M,631.00M,667.00M,671.00M,557.00M,538.00M,535.00M,523.00M,516.00M,503.00M,465.00M,617.00M,606.00M,584.00M,567.00M,566.00M,591.00M,491.00M,485.00M,382.00M,532.00M,506.00M,492.00M,511.00M,481.00M,463.00M,526.00M,435.00M,465.00M,437.00M,476.00M,505.00M,460.00M,454.00M,413.00M,475.00M,467.00M,401.00M,403.00M,456.00M,454.00M,385.00M,441.00M,405.00M,339.00M,312.00M,312.00M,214.00M,386.00M,310.00M,315.00M,213.00M,348.00M,320.00M,218.00M,270.00M,259.00M,255.00M,1.391B,1.852B,69.00M,347.00M,96.00M,686.00M,560.00M,438.00M,,,,,,,,,,,,,,,,,,,,,,,,,,,,,,,,,,,,,,,,,,,,,,,,,,,,,,,,,,,,
EBIT,-4.362B,-2.293B,-3.608B,155.00M,-9.383B,814.00M,-1.347B,716.00M,451.00M,933.00M,769.00M,906.00M,1.064B,672.00M,429.00M,126.00M,225.00M,571.00M,708.00M,130.00M,357.00M,1.103B,563.00M,506.00M,298.00M,319.00M,662.00M,532.00M,112.00M,642.00M,502.00M,514.00M,351.00M,428.00M,716.00M,503.00M,496.00M,535.00M,699.00M,614.00M,533.00M,631.00M,695.00M,540.00M,635.00M,639.00M,622.00M,524.00M,449.00M,582.00M,555.00M,529.00M,439.00M,735.00M,465.00M,469.00M,416.00M,515.00M,538.00M,501.00M,4.53B,509.00M,672.00M,5.354B,312.00M,1.17B,720.00M,62.00M,484.00M,1.086B,802.00M,1.301B,890.00M,1.584B,1.447B,-1.34B,-6.856B,629.00M,622.00M,676.00M,-579.00M,516.00M,480.00M,461.00M,531.00M,542.00M,4.787B,4.353B,299.00M,620.10M,362.70M,464.00M,-5.032B,2.522B,2.139B,2.249B,-4.637B,2.645B,2.448B,730.30M,2.638B,2.855B,2.440B,2.514B,2.707B,2.947B,2.464B,2.464B,2.558B,2.799B,2.520B,2.420B,2.635B,2.520B,2.352B,2.271B,2.452B,2.598B,2.173B,2.248B,2.147B,2.246B,2.086B,2.109B,2.044B,1.966B,1.767B,1.870B,1.831B,1.828B,1.775B,1.752B,1.928B,2.001B,1.877B,2.012B,2.067B,2.167B,2.024B,2.172B,2.105B,2.027B,1.813B,1.885B
EPS Basic from Continuing Operations,-6.85,-3.06,-4.83,0.25,-13.29,1.09,-1.91,0.86,0.21,1.07,0.79,1.13,1.38,0.77,0.41,0.22,0.27,0.63,0.84,0.06,0.27,1.72,0.57,0.49,0.18,0.36,0.74,0.55,-0.04,0.84,0.56,0.56,0.19,0.50,0.91,0.50,0.64,0.66,0.88,0.69,0.72,0.84,1.03,0.65,0.98,0.83,0.80,0.62,0.56,0.77,0.75,0.71,0.42,1.09,0.65,0.61,0.49,0.63,0.70,0.55,2.211,0.55,0.89,-5.67,0.09,1.25,0.81,-0.22,0.37,1.28,0.76,1.71,1.24,2.12,2.07,-2.62,-11.63,0.67,0.69,0.78,0.42,0.53,0.53,0.45,0.62,0.55,0.46,0.36,0.29,0.62,0.49,0.42,0.34,0.55,0.25,0.61,0.49,0.85,0.92,0.73,0.21,0.96,0.53,0.52,0.45,0.79,0.53,0.56,0.44,0.78,0.75,0.61,0.54,0.75,0.67,0.28,0.46,0.88,0.33,0.43,0.18,0.69,0.50,0.53,,0.53,0.30,0.28,,0.47,0.33,0.17,,0.73,0.63,0.70,,0.72,0.70,0.66,,0.61,0.68,0.70
EPS Basic from Discontinued Operations,,,,,,,,,,,,,,,,,,,,,,,,,,,,,,,,,,0.00,0.00,0.00,,0.00,0.00,0.00,0.00,0.00,0.00,0.00,0.41,0.00,0.00,0.00,0.00,0.00,0.00,0.00,0.00,0.00,0.00,0.00,0.00,0.03,0.00,0.00,,0.00,0.00,0.00,0.0437,0.01,-0.25,-0.71,-5.834,-0.03,-0.16,0.02,0.1764,0.00,0.00,0.00,0.2164,-0.05,0.00,0.00,-0.1649,-0.03,-0.03,-0.02,-0.1439,0.00,0.00,0.00,-0.07,0.00,0.00,0.00,0.00,0.00,0.00,0.00,0.00,0.00,0.00,0.00,0.00,0.00,0.00,0.00,0.00,0.00,0.00,0.00,0.00,0.00,0.00,0.00,0.00,0.00,0.00,0.00,0.00,0.00,0.00,0.00,0.00,0.00,0.00,0.00,,0.00,0.00,0.00,,0.00,0.00,0.00,,0.00,0.00,0.00,,0.00,0.00,0.00,,0.00,0.00,0.00
EPS Basic from Extraordinaries,,,,,,,,,,,,,,,,,,,,,,,,,,,,,,,,,,,,,,,,,,,,,,,,,,,,,,,,,,,,,,,,,0.00,,,0.00,0.00,,0.00,,,,,,,,,,0.00,,,0.00,,,,,,,,,,,,,,,,,,,,,,,,,,,,,,,,,,,,,,,,,,,,,,,,,,,,,,,,,,,,
Normalized Basic EPS,-0.0126,0.3544,0.3669,0.4263,-0.0406,1.071,0.6557,0.8478,0.21,1.150,0.7226,1.13,1.38,0.77,0.41,0.22,0.27,0.63,0.84,0.06,0.27,1.72,0.57,0.49,0.18,0.36,0.74,0.55,-0.04,0.84,0.56,0.56,0.19,0.4640,0.8745,0.4734,0.64,0.6073,0.8766,0.7005,0.7117,0.7963,0.9847,0.6164,0.9531,0.8610,0.7905,0.6105,0.5468,0.7571,0.7316,0.7026,0.4551,1.131,0.5993,0.61,0.4952,0.6538,0.70,0.5516,2.211,0.5438,0.9159,-5.629,0.1605,1.239,0.81,-0.2326,0.3856,1.181,0.7896,1.676,1.24,2.184,2.063,-2.605,-11.66,0.6932,0.7133,0.7551,0.5145,0.4973,0.4646,0.4162,0.5342,0.5374,0.46,0.36,0.1490,0.6064,0.3655,0.3909,0.34,0.55,0.25,0.61,0.49,0.85,0.92,0.7064,0.21,0.96,0.53,0.52,0.45,0.79,0.53,0.56,0.44,0.78,0.75,0.61,0.54,0.75,0.67,0.28,0.46,0.88,0.33,0.43,0.18,0.69,0.50,0.53,,0.53,0.30,0.28,,0.47,0.33,0.17,,0.73,0.63,0.70,,0.72,0.70,0.66,,0.61,0.68,0.70
EPS Basic,-6.85,-3.06,-4.83,0.25,-13.29,1.09,-1.91,0.86,0.21,1.07,0.79,1.13,1.38,0.77,0.41,0.22,0.27,0.63,0.84,0.06,0.27,1.72,0.57,0.49,0.18,0.36,0.74,0.55,-0.04,0.84,0.56,0.56,0.19,0.50,0.91,0.50,0.64,0.66,0.88,0.69,0.72,0.84,1.03,0.65,1.39,0.83,0.80,0.62,0.56,0.77,0.75,0.71,0.42,1.09,0.65,0.61,0.49,0.66,0.70,0.55,2.211,0.55,0.89,-5.67,1.01,1.26,0.56,-0.93,0.96,1.25,0.60,1.73,1.24,2.12,2.07,-2.62,-11.58,0.62,0.69,0.78,0.48,0.50,0.50,0.46,0.62,0.55,0.46,0.36,0.22,0.62,0.49,0.42,0.34,0.55,0.25,0.61,0.49,0.85,0.92,0.73,0.21,0.96,0.53,0.52,0.45,0.79,0.53,0.56,0.44,0.78,0.75,0.61,0.54,0.75,0.67,0.28,0.46,0.88,0.33,0.43,0.18,0.69,0.50,0.53,,0.53,0.30,0.28,,0.47,0.33,0.17,,0.73,0.63,0.70,,0.72,0.70,0.66,,0.61,0.68,0.70
EPS Diluted from Continuing Operations,-6.85,-3.06,-4.83,0.25,-13.29,1.09,-1.91,0.86,0.21,1.07,0.79,1.13,1.38,0.77,0.41,0.22,0.26,0.63,0.83,0.06,0.27,1.71,0.57,0.49,0.18,0.36,0.74,0.55,-0.04,0.84,0.55,0.56,0.19,0.50,0.91,0.50,0.63,0.66,0.86,0.67,0.71,0.83,1.02,0.65,0.98,0.83,0.80,0.62,0.56,0.77,0.74,0.71,0.42,1.09,0.65,0.60,0.48,0.62,0.70,0.54,0.42,0.53,0.88,-5.67,0.08,1.22,0.80,-0.22,0.37,1.22,0.75,1.69,1.23,2.12,2.07,-2.62,-11.63,0.67,0.68,0.77,0.42,0.53,0.50,0.39,0.62,0.55,0.46,0.36,0.29,0.62,0.49,0.42,0.34,0.55,0.25,0.61,0.49,0.85,0.92,0.73,0.21,0.96,0.53,0.52,0.45,0.79,0.53,0.56,0.44,0.78,0.75,0.61,0.54,0.75,0.67,0.28,0.46,0.88,0.33,0.43,0.18,0.69,0.50,0.53,,0.53,0.30,0.28,,0.47,0.33,0.17,,0.73,0.63,0.70,,0.72,0.70,0.66,,0.61,0.68,0.70
EPS Diluted from Discontinued Operations,,,,,,,,,,,,,,,,,,,,,,,,,,,,,,,,,,0.00,0.00,0.00,,0.00,0.00,0.00,0.00,0.00,0.00,0.00,0.41,0.00,0.00,0.00,0.00,0.00,0.00,0.00,0.00,0.00,0.00,0.00,0.00,0.03,0.00,0.00,1.362,0.00,0.00,0.00,0.0437,0.01,-0.25,-0.71,-5.834,-0.03,-0.16,0.02,0.1758,0.00,0.00,0.00,0.2164,-0.05,0.00,0.00,-0.1649,-0.03,-0.03,-0.02,-0.1439,0.00,0.00,0.00,-0.07,0.00,0.00,0.00,0.00,0.00,0.00,0.00,0.00,0.00,0.00,0.00,0.00,0.00,0.00,0.00,0.00,0.00,0.00,0.00,0.00,0.00,0.00,0.00,0.00,0.00,0.00,0.00,0.00,0.00,0.00,0.00,0.00,0.00,0.00,0.00,,0.00,0.00,0.00,,0.00,0.00,0.00,,0.00,0.00,0.00,,0.00,0.00,0.00,,0.00,0.00,0.00
EPS Diluted from Extraordinaries,,,,,,,,,,,,,,,,,,,,,,,,,,,,,,,,,,,,,,,,,,,,,,,,,,,,,,,,,,,,,,,,,0.0012,,,-0.0157,0.0153,,-0.1667,,,,,,,,,,-0.0013,,,0.0322,,,,,,,,,,,,,,,,,,,,,,,,,,,,,,,,,,,,,,,,,,,,,,,,,,,,,,,,,,,,
Normalized Diluted EPS,-0.0126,0.3544,0.3669,0.4259,-0.0406,1.071,0.6557,0.8478,0.21,1.150,0.7228,1.13,1.38,0.77,0.41,0.22,0.26,0.63,0.83,0.06,0.27,1.71,0.57,0.49,0.18,0.36,0.74,0.55,-0.04,0.84,0.55,0.56,0.19,0.4641,0.8745,0.4735,0.63,0.6075,0.8567,0.6800,0.7020,0.7884,0.9748,0.6166,0.9532,0.8609,0.7905,0.6105,0.5468,0.7571,0.7223,0.7026,0.4544,1.131,0.5993,0.60,0.4850,0.6428,0.70,0.5415,0.42,0.5243,0.9043,-5.629,0.1505,1.210,0.80,-0.2326,0.3854,1.126,0.7791,1.657,1.23,2.184,2.063,-2.605,-11.66,0.6930,0.7032,0.7452,0.5138,0.4973,0.4346,0.3562,0.5342,0.5374,0.46,0.36,0.1490,0.6064,0.3655,0.3909,0.34,0.55,0.25,0.61,0.49,0.85,0.92,0.7064,0.21,0.96,0.53,0.52,0.45,0.79,0.53,0.56,0.44,0.78,0.75,0.61,0.54,0.75,0.67,0.28,0.46,0.88,0.33,0.43,0.18,0.69,0.50,0.53,,0.53,0.30,0.28,,0.47,0.33,0.17,,0.73,0.63,0.70,,0.72,0.70,0.66,,0.61,0.68,0.70
EPS Diluted,-6.85,-3.06,-4.83,0.25,-13.29,1.09,-1.91,0.86,0.21,1.07,0.79,1.13,1.38,0.77,0.41,0.22,0.26,0.63,0.83,0.06,0.27,1.71,0.57,0.49,0.18,0.36,0.74,0.55,-0.04,0.84,0.55,0.56,0.19,0.50,0.91,0.50,0.63,0.66,0.86,0.67,0.71,0.83,1.02,0.65,1.39,0.83,0.80,0.62,0.56,0.77,0.74,0.71,0.42,1.09,0.65,0.60,0.48,0.65,0.70,0.54,0.42,0.53,0.88,-5.67,0.99,1.23,0.55,-0.93,0.96,1.19,0.59,1.71,1.23,2.12,2.07,-2.62,-11.58,0.62,0.68,0.77,0.48,0.50,0.47,0.40,0.62,0.55,0.46,0.36,0.22,0.62,0.49,0.42,0.34,0.55,0.25,0.61,0.49,0.85,0.92,0.73,0.21,0.96,0.53,0.52,0.45,0.79,0.53,0.56,0.44,0.78,0.75,0.61,0.54,0.75,0.67,0.28,0.46,0.88,0.33,0.43,0.18,0.69,0.50,0.53,,0.53,0.30,0.28,,0.47,0.33,0.17,,0.73,0.63,0.70,,0.72,0.70,0.66,,0.61,0.68,0.70
Average Basic Shares Outstanding,528.00M,529.00M,529.00M,526.00M,520.00M,517.00M,516.00M,515.00M,515.00M,513.00M,511.00M,508.00M,505.00M,501.00M,497.00M,493.00M,493.00M,486.00M,480.00M,477.00M,474.00M,472.00M,467.00M,459.00M,453.00M,446.00M,442.00M,434.00M,430.00M,428.00M,423.00M,414.00M,407.00M,403.00M,399.00M,396.00M,394.00M,390.00M,373.00M,371.00M,371.00M,370.00M,368.00M,364.00M,360.00M,357.00M,356.00M,355.00M,354.00M,352.00M,350.00M,349.00M,349.00M,347.00M,346.00M,344.00M,360.00M,372.00M,370.00M,388.00M,393.95M,399.00M,397.00M,393.00M,384.00M,387.00M,384.00M,382.00M,368.00M,373.00M,366.00M,364.00M,475.41M,363.00M,363.00M,363.00M,334.91M,362.00M,361.00M,361.00M,366.86M,367.00M,367.00M,373.00M,299.97M,381.82M,378.26M,386.11M,416.96M,413.87M,393.67M,411.90M,466.47M,394.73M,414.00M,413.77M,416.84M,425.53M,425.00M,430.41M,428.23M,428.23M,428.30M,427.88M,429.98M,431.14M,431.70M,426.61M,425.97M,425.51M,420.93M,419.18M,418.68M,417.07M,420.90M,413.93M,419.26M,420.11M,428.48M,431.63M,424.90M,422.75M,421.60M,411.44M,411.44M,403.72M,388.31M,388.31M,368.13M,368.13M,368.13M,368.13M,368.13M,360.55M,337.35M,337.35M,337.35M,329.03M,323.46M,312.59M,316.91M,308.47M,304.27M,304.27M
Average Diluted Shares Outstanding,528.00M,529.00M,529.00M,527.00M,520.00M,517.00M,516.00M,516.00M,515.00M,516.00M,513.00M,511.00M,505.00M,503.00M,498.00M,495.00M,496.00M,489.00M,483.00M,481.00M,476.00M,474.00M,469.00M,460.00M,454.00M,447.00M,443.00M,435.00M,431.00M,429.00M,425.00M,416.00M,408.00M,404.00M,400.00M,397.00M,395.00M,392.00M,390.00M,389.00M,386.00M,388.00M,369.00M,366.00M,361.00M,358.00M,357.00M,356.00M,354.00M,352.00M,363.51M,351.00M,355.97M,347.00M,346.00M,356.67M,377.84M,387.69M,370.00M,403.70M,733.74M,430.19M,422.73M,393.00M,384.00M,414.63M,412.73M,382.00M,373.16M,395.00M,372.00M,368.00M,481.00M,364.00M,363.00M,363.00M,334.91M,365.00M,362.00M,363.64M,369.75M,367.00M,367.00M,373.00M,299.97M,381.82M,378.26M,386.11M,416.96M,413.87M,393.67M,411.90M,466.47M,394.73M,414.00M,413.77M,416.84M,425.53M,425.00M,430.41M,428.23M,428.23M,428.30M,427.88M,429.98M,431.14M,431.70M,426.61M,425.97M,425.51M,420.93M,419.18M,418.68M,417.07M,420.90M,413.93M,419.26M,420.11M,428.48M,431.63M,424.90M,422.75M,421.60M,411.44M,411.44M,403.72M,388.31M,388.31M,368.13M,368.13M,368.13M,368.13M,368.13M,360.55M,337.35M,337.35M,337.35M,329.03M,323.46M,312.59M,316.91M,308.47M,304.27M,304.27M
Dividend Per Share,0.00,0.00,0.00,0.00,0.00,0.00,0.00,0.00,0.00,0.53,0.53,0.49,0.49,0.49,0.49,0.455,0.455,0.455,0.455,0.455,0.455,0.455,0.455,0.455,0.455,0.455,0.455,0.455,0.455,0.455,0.455,0.455,0.455,0.455,0.455,0.455,0.455,0.455,0.455,0.455,0.42,0.42,0.42,0.42,0.39,0.39,0.39,0.39,0.36,0.36,0.36,0.36,0.33,0.33,0.33,0.33,0.33,0.30,0.30,0.30,0.00,0.00,0.00,0.00,0.00,0.00,0.00,0.00,0.00,0.00,0.00,0.00,0.00,0.00,0.00,0.00,0.30,0.30,0.30,0.30,0.30,0.30,0.30,0.30,0.30,0.30,0.30,0.30,0.30,0.30,0.30,0.30,0.30,0.49,0.49,0.49,0.49,0.49,0.49,0.49,0.49,0.49,0.49,0.49,0.47,0.47,0.47,0.47,0.44,0.44,0.44,0.44,0.41,0.41,0.41,0.41,0.38,0.38,0.38,0.38,0.35,0.35,0.35,0.35,0.35,0.35,0.48,0.48,0.48,0.48,0.48,0.48,0.48,0.48,0.48,0.46,0.46,0.46,0.46,0.00,0.00,0.43,0.43,0.40
As Originally Reported,AOR,AOR,AOR,AOR,AOR,AOR,AOR,AOR,AOR,AOR,AOR,AOR,AOR,AOR,AOR,AOR,AOR,AOR,AOR,AOR,AOR,AOR,AOR,AOR,AOR,AOR,AOR,AOR,AOR,AOR,AOR,AOR,AOR,AOR,AOR,AOR,AOR,AOR,AOR,AOR,AOR,AOR,AOR,AOR,AOR,,,,,,,,,,,,,,,,,,,,,,,,,,,,,,,,,,,,,,,,,,,,,,,,,,,,,,,,,,,,,,,,,,,,,,,,,,,,,,,,,,,,,,,,,,,,,,,,,,,
Restated,,,,,Restated,Restated,Restated,Restated,Restated,Restated,Restated,Restated,Restated,Restated,Restated,Restated,Restated,Restated,Restated,Restated,Restated,Restated,Restated,Restated,Restated,Restated,Restated,Restated,Restated,Restated,Restated,Restated,Restated,Restated,Restated,Restated,Restated,Restated,Restated,Restated,Restated,Restated,Restated,Restated,Restated,,Restated,Restated,,,,,,,,,,,,,,,,,,,,,,,,,,,,,,,,,,,,,,,,,,,,,,,,,,,,,,,,,,,,,,,,,,,,,,,,,,,,,,,,,,,,,,,,,,,,,,,,
