Income (Quarterly),2019-12,2019-09,2019-06,2019-03,2018-12,2018-09,2018-06,2018-03,2017-12,2017-09,2017-06,2017-03,2016-12,2016-09,2016-06,2016-03,2015-12,2015-09,2015-06,2015-03,2014-12,2014-09,2014-06,2014-03,2013-12,2013-09,2013-06,2013-03,2012-12,2012-09,2012-06,2012-03,2011-12,2011-09,2011-06,2011-03,2010-12,2010-09,2010-06,2010-03,2009-12,2009-09,2009-06,2009-03,2008-12,2008-09,2008-06,2008-03,2007-12,2007-09,2007-06,2007-03,2006-12,2006-09,2006-06,2006-03,2005-12,2005-09,2005-06,2005-03,2004-12,2004-09,2004-06,2004-03,2003-12,2003-09,2003-06,2003-03,2002-12,2002-09,2002-06,2002-03,2001-12,2001-09,2001-06,2001-03,2000-12,2000-09,2000-06,2000-03,1999-12,1999-09,1999-06,1999-03,1998-12,1998-09,1998-06,1998-03,1997-12,1997-09,1997-06,1997-03,1996-12,1996-09,1996-06,1996-03,1995-12,1995-09,1995-06,1995-03,1994-12,1994-09,1994-06,1994-03,1993-12,1993-09,1993-06,1993-03,1992-12,1992-09,1992-06,1992-03,1991-12,1991-09,1991-06,1991-03,1990-12,1990-09,1990-06,1990-03,1989-12,1989-09,1989-06,1989-03,1988-12,1988-09,1988-06,1988-03,1987-12,1987-09,1987-06,1987-03,1986-12,1986-09,1986-06,1986-03,1985-12,1985-09,1985-06,1985-03,1984-12,1984-09,1984-06,1984-03
Operating Revenue,2.462B,3.141B,2.666B,2.610B,2.512B,3.104B,2.669B,2.724B,2.624B,3.244B,2.619B,2.588B,2.649B,3.125B,2.463B,2.610B,2.509B,3.371B,2.713B,2.920B,2.831B,3.458B,2.997B,3.209B,2.692B,3.352B,2.738B,2.609B,2.436B,2.964B,2.519B,2.384B,2.489B,3.396B,2.803B,2.541B,2.533B,3.332B,2.863B,2.759B,2.499B,2.937B,2.521B,2.789B,3.001B,3.964B,3.264B,2.865B,2.732B,3.289B,2.769B,2.694B,2.481B,3.255B,2.629B,2.568B,2.652B,2.898B,2.445B,2.110B,1.985B,2.964B,2.485B,2.252B,2.103B,2.700B,2.354B,2.038B,1.879B,2.469B,2.097B,1.861B,1.897B,2.576B,2.506B,2.652B,2.641B,3.432B,2.138B,1.811B,1.745B,3.064B,2.316B,1.640B,2.085B,4.587B,2.509B,2.313B,2.518B,2.798B,2.178B,2.046B,1.562B,2.148B,1.854B,1.599B,1.416B,1.955B,1.565B,1.337B,1.184B,1.806B,1.586B,1.406B,1.068B,1.411B,1.070B,926.40M,1.004B,1.238B,958.10M,916.50M,921.90M,1.255B,981.40M,893.00M,926.20M,1.227B,939.30M,889.40M,883.90M,1.102B,931.00M,931.00M,843.80M,1.095B,819.70M,806.60M,778.50M,1.075B,831.60M,769.70M,796.90M,1.073B,810.80M,804.80M,809.60M,809.60M,750.00M,754.10M,723.20M,953.50M,729.20M,740.00M
Revenue,2.462B,3.141B,2.666B,2.610B,2.512B,3.104B,2.669B,2.724B,2.624B,3.244B,2.619B,2.588B,2.649B,3.125B,2.463B,2.610B,2.509B,3.371B,2.713B,2.920B,2.831B,3.458B,2.997B,3.209B,2.692B,3.352B,2.738B,2.609B,2.436B,2.964B,2.519B,2.384B,2.489B,3.396B,2.803B,2.541B,2.533B,3.332B,2.863B,2.759B,2.499B,2.937B,2.521B,2.789B,3.001B,3.964B,3.264B,2.865B,2.732B,3.289B,2.769B,2.694B,2.481B,3.255B,2.629B,2.568B,2.652B,2.898B,2.445B,2.110B,1.985B,2.964B,2.485B,2.252B,2.103B,2.700B,2.354B,2.038B,1.879B,2.469B,2.097B,1.861B,1.897B,2.576B,2.506B,2.652B,2.641B,3.432B,2.138B,1.811B,1.745B,3.064B,2.316B,1.640B,2.085B,4.587B,2.509B,2.313B,2.518B,2.798B,2.178B,2.046B,1.562B,2.148B,1.854B,1.599B,1.416B,1.955B,1.565B,1.337B,1.184B,1.806B,1.586B,1.406B,1.068B,1.411B,1.070B,926.40M,1.004B,1.238B,958.10M,916.50M,921.90M,1.255B,981.40M,893.00M,926.20M,1.227B,939.30M,889.40M,883.90M,1.102B,931.00M,931.00M,843.80M,1.095B,819.70M,806.60M,778.50M,1.075B,831.60M,769.70M,796.90M,1.073B,810.80M,804.80M,809.60M,809.60M,750.00M,754.10M,723.20M,953.50M,729.20M,740.00M
Cost of Goods Sold,1.571B,1.771B,1.706B,1.651B,1.822B,2.061B,1.758B,1.666B,1.745B,1.839B,1.646B,1.665B,1.757B,1.726B,1.430B,1.550B,1.764B,2.110B,1.768B,1.807B,1.971B,2.238B,2.003B,1.914B,1.890B,2.115B,1.886B,1.698B,1.600B,1.761B,1.613B,1.609B,3.779B,1.390B,1.078B,934.30M,927.59M,1.298B,1.112B,1.096B,805.72M,1.009B,904.22M,1.226B,1.620B,2.034B,1.531B,1.161B,1.164B,1.330B,1.197B,1.232B,1.188B,1.638B,1.282B,1.302B,1.425B,1.397B,1.067B,930.61M,783.47M,1.448B,1.083B,999.65M,1.006B,1.137B,983.28M,756.74M,674.91M,918.87M,729.62M,663.53M,761.92M,1.229B,1.295B,1.507B,1.538B,1.971B,983.59M,885.86M,876.47M,1.744B,1.185B,796.30M,1.044B,3.024B,1.157B,1.150B,,,822.60M,836.90M,521.30M,717.80M,608.40M,548.20M,426.20M,588.90M,431.90M,390.50M,397.80M,517.80M,483.80M,456.20M,345.80M,390.60M,276.30M,250.80M,,,,,,,,,,,,,,,,,,,,,,,,,,,,,,,,,,,,
Gross Profit,890.86M,1.370B,960.19M,958.26M,690.23M,1.044B,910.47M,1.058B,879.28M,1.404B,972.85M,923.70M,891.47M,1.399B,1.032B,1.059B,744.53M,1.261B,945.60M,1.113B,859.86M,1.221B,993.23M,1.295B,802.37M,1.237B,852.20M,910.44M,835.76M,1.203B,905.44M,774.34M,-1.290B,2.006B,1.726B,1.607B,1.606B,2.034B,1.751B,1.663B,1.693B,1.928B,1.617B,1.563B,1.381B,1.930B,1.733B,1.704B,1.568B,1.959B,1.573B,1.462B,1.293B,1.616B,1.347B,1.266B,1.227B,1.501B,1.378B,1.180B,1.202B,1.515B,1.402B,1.252B,1.097B,1.563B,1.371B,1.281B,1.204B,1.550B,1.367B,1.197B,1.136B,1.347B,1.212B,1.145B,1.103B,1.460B,1.154B,925.64M,868.31M,1.321B,1.132B,843.60M,1.042B,1.563B,1.352B,1.163B,,,1.356B,1.209B,1.041B,1.430B,1.245B,1.051B,989.60M,1.366B,1.133B,946.90M,786.00M,1.288B,1.103B,949.90M,721.90M,1.020B,793.80M,675.60M,,,,,,,,,,,,,,,,,,,,,,,,,,,,,,,,,,,,
SG&A Expense,,,,,,,,,,,,,,,,,,,,,,,,,,,,,,,,,,260.32M,61.10M,55.26M,54.31M,53.38M,52.47M,51.58M,50.94M,50.07M,49.31M,48.74M,,,,,,,,,,,,,,,,,,,,,,,,,,,,,,,,,,,,,,,,,,,,,,,,,,,,,,,,,,,,,,,,,,,,,,,,,,,,,,,,,,,,,,,,,,,,,,,,,,,,
Investment Write Off,1.544M,198.09M,16.42M,73.98M,235.24M,155.22M,68.94M,72.92M,116.79M,16.22M,193.57M,211.79M,2.802B,18.84M,6.969M,7.361M,462.70M,1.642B,0.00,0.00,11.98M,163.84M,1.667M,2.27M,50.03M,291.50M,,,0.00,0.00,0.00,355.52M,,,,,,,,,,,,,,,,,,,,,,,,,,,,,,,,,,,,,,,,,,,,,,,,,,,,,,,,,,,,,,,,,,,,,,,,,,,,,,,,,,,,,,,,,,,,,,,,,,,,,,,,,,,,,,,,
Special Income and Charges,34.88M,-164.92M,20.75M,-35.76M,-198.00M,-122.86M,-37.27M,-44.58M,-103.69M,8.117M,-171.20M,-176.51M,-2.783B,-3.39M,6.891M,11.57M,-294.60M,-1.628B,11.97M,11.74M,6.168M,-147.10M,13.12M,12.86M,12.92M,-273.83M,16.25M,12.75M,21.77M,18.40M,28.28M,-331.22M,65.24M,7.379M,3.791M,21.54M,1.552M,2.13M,11.57M,-15.32M,10.79M,25.02M,-71.62M,27.20M,-83.99M,6.659M,-11.40M,-17.48M,-7.336M,-4.671M,-5.982M,-9.917M,64.39M,67.30M,59.45M,41.40M,38.51M,-1.958M,31.29M,47.25M,39.31M,-30.76M,33.86M,41.08M,20.60M,68.03M,-88.48M,-61.06M,197.61M,58.70M,18.64M,64.66M,14.91M,98.12M,71.97M,55.98M,28.39M,53.59M,94.71M,29.50M,82.96M,25.50M,80.78M,40.50M,306.70M,18.70M,18.20M,31.60M,,,29.20M,17.40M,38.00M,62.30M,12.70M,10.80M,51.00M,-4.80M,1.20M,-2.30M,15.10M,-23.20M,-13.80M,-6.50M,-6.50M,-0.20M,0.80M,2.20M,,,,,,,,,,,,,,,,,,,,,,,,,,,,,,,,,,,,
Non Income Taxes,156.03M,165.73M,163.41M,158.58M,156.27M,161.92M,158.55M,165.22M,148.47M,159.47M,153.26M,156.35M,144.40M,149.08M,149.25M,149.78M,147.39M,158.13M,156.38M,157.52M,137.67M,159.74M,152.74M,154.47M,147.42M,156.95M,144.89M,151.10M,132.97M,149.05M,138.11M,137.17M,129.53M,152.04M,129.22M,125.23M,133.70M,138.22M,126.97M,135.41M,118.21M,128.85M,122.40M,134.40M,121.62M,140.82M,125.94M,108.57M,120.90M,129.12M,116.35M,122.68M,100.57M,133.53M,91.13M,103.34M,98.17M,98.72M,95.02M,90.62M,90.48M,112.57M,103.28M,97.30M,102.06M,105.36M,100.50M,97.74M,88.71M,107.19M,82.19M,102.37M,104.13M,103.59M,89.66M,102.46M,104.00M,103.19M,83.54M,79.62M,80.14M,93.00M,83.05M,83.10M,85.10M,91.00M,90.30M,95.80M,,,90.20M,93.00M,83.80M,90.60M,89.90M,89.00M,73.40M,76.20M,73.90M,76.60M,69.90M,71.40M,70.10M,72.90M,53.60M,48.60M,48.60M,48.40M,,,,,,,,,,,,,,,,,,,,,,,,,,,,,,,,,,,,
Operating Interest Expense,187.94M,186.64M,184.30M,183.54M,179.98M,180.07M,177.65M,169.66M,170.54M,166.90M,162.85M,162.05M,164.55M,167.20M,170.50M,164.13M,159.37M,164.06M,159.82M,160.22M,160.35M,155.82M,155.81M,155.53M,156.05M,151.05M,148.98M,147.96M,145.00M,147.80M,139.13M,137.35M,131.54M,127.59M,126.90M,136.13M,173.97M,127.13M,137.86M,171.20M,187.19M,130.13M,152.64M,147.26M,,,143.00M,,,,,,,,,,,,,,,,,,,,,,,,,,,,,,,,,,,,,,,,,,,,,,,,,,,,,,,,,,,,,,,,,,,,,,,,,,,,,,,,,,,,,,,,,,,,,,,,,
Operating Interest Income,141.25M,82.30M,96.22M,228.15M,-201.22M,177.08M,71.13M,16.87M,93.22M,58.33M,80.10M,56.55M,28.46M,37.53M,46.38M,32.75M,40.17M,39.05M,39.70M,68.13M,38.65M,49.55M,24.24M,35.25M,97.02M,23.43M,40.54M,38.31M,33.01M,24.49M,29.28M,40.99M,33.09M,33.24M,35.92M,26.75M,63.59M,38.70M,34.96M,48.21M,-2.785M,87.36M,58.89M,46.39M,,,47.80M,,,,,,,,,,,,,,,,,,,,,,,,,,,,,,,,,,,,,,,,,,,,,,,,,,,,,,,,,,,,,,,,,,,,,,,,,,,,,,,,,,,,,,,,,,,,,,,,,
Net Operating Interest Income,-46.69M,-104.34M,-88.08M,44.60M,-381.20M,-2.986M,-106.51M,-152.79M,-77.32M,-108.57M,-82.76M,-105.50M,-136.08M,-129.66M,-124.12M,-131.38M,-119.20M,-125.01M,-120.11M,-92.09M,-121.70M,-106.27M,-131.57M,-120.28M,-59.02M,-127.62M,-108.44M,-109.66M,-111.99M,-123.31M,-109.85M,-96.36M,-98.45M,-94.35M,-90.98M,-109.39M,-110.38M,-88.42M,-102.90M,-122.99M,-189.97M,-42.78M,-93.75M,-100.87M,,,-95.19M,,,,,,,,,,,,,,,,,,,,,,,,,,,,,,,,,,,,,,,,,,,,,,,,,,,,,,,,,,,,,,,,,,,,,,,,,,,,,,,,,,,,,,,,,,,,,,,,,
Other Operating Expenses,104.72M,106.59M,78.10M,85.17M,180.31M,130.93M,240.90M,137.35M,23.04M,114.83M,106.85M,29.07M,135.52M,118.38M,97.98M,69.79M,212.69M,91.05M,71.48M,80.36M,64.44M,72.00M,52.61M,69.79M,85.44M,74.56M,63.28M,64.42M,70.71M,81.27M,149.59M,58.28M,,,,,,,,,,,,,,773.04M,791.36M,743.80M,864.38M,780.66M,739.71M,668.72M,532.92M,627.92M,609.49M,607.02M,505.58M,530.70M,595.26M,580.45M,615.91M,594.96M,588.96M,581.21M,741.39M,617.74M,568.74M,400.78M,969.68M,564.72M,582.74M,935.48M,674.25M,503.16M,458.10M,449.45M,599.04M,563.70M,444.32M,362.80M,525.65M,442.10M,407.86M,351.60M,537.70M,445.80M,475.60M,449.00M,,,590.00M,404.60M,513.80M,533.20M,459.00M,619.40M,535.40M,506.40M,453.40M,441.40M,529.80M,582.50M,460.30M,438.90M,386.70M,363.40M,315.10M,303.10M,,,,,,,,,,,,,,,,,,,,,,,,,,,,,,,,,,,,
Total Operating Expenses,640.78M,651.54M,605.00M,601.02M,683.92M,617.47M,749.93M,649.63M,509.15M,629.04M,610.44M,532.69M,616.77M,607.85M,582.90M,553.84M,690.17M,584.02M,568.22M,569.86M,528.20M,563.82M,537.09M,552.99M,570.36M,556.66M,505.68M,516.39M,511.56M,512.06M,562.46M,475.67M,-1.633B,1.405B,1.167B,1.101B,1.227B,1.265B,1.135B,1.159B,1.182B,1.141B,1.129B,1.086B,963.99M,1.178B,1.165B,1.097B,1.239B,1.149B,1.095B,1.024B,1.012B,993.49M,918.56M,915.74M,966.10M,846.63M,894.70M,886.58M,1.087B,943.85M,907.88M,889.16M,1.057B,943.77M,874.69M,709.56M,1.272B,886.31M,870.81M,1.243B,986.72M,740.44M,731.14M,759.45M,907.79M,866.35M,720.66M,639.03M,789.23M,719.10M,767.62M,640.10M,824.90M,1.041B,879.00M,877.40M,,,921.50M,836.60M,801.90M,820.70M,744.00M,903.00M,785.80M,760.10M,698.20M,688.50M,785.30M,820.30M,686.90M,662.30M,543.70M,510.30M,462.30M,452.30M,,,,,,,,,,,,,,,,,,,,,,,,,,,,,,,,,,,,
Operating Income,250.08M,718.02M,355.19M,357.23M,6.307M,426.25M,160.54M,408.59M,370.13M,775.22M,362.41M,391.01M,274.70M,790.90M,449.23M,505.58M,54.36M,677.19M,377.38M,542.77M,331.65M,656.69M,456.14M,742.15M,232.01M,680.40M,346.51M,394.04M,324.20M,690.85M,342.98M,298.67M,342.70M,600.91M,558.74M,505.78M,378.97M,768.83M,615.52M,504.81M,510.84M,787.08M,487.82M,477.05M,416.62M,752.09M,568.11M,606.23M,329.40M,810.33M,478.04M,438.59M,280.72M,622.84M,428.36M,350.74M,261.18M,654.34M,483.62M,292.99M,114.94M,571.47M,494.31M,362.74M,40.57M,619.00M,495.94M,571.43M,-68.32M,663.69M,496.15M,-45.68M,148.82M,606.50M,480.55M,386.03M,195.08M,593.84M,433.54M,286.60M,79.08M,601.90M,363.95M,203.50M,217.00M,522.20M,472.70M,285.40M,-5.160B,2.798B,434.00M,372.20M,239.20M,609.80M,501.30M,147.80M,203.80M,606.10M,434.80M,258.40M,0.70M,467.40M,415.70M,287.60M,178.20M,510.00M,331.50M,223.30M,1.004B,1.238B,958.10M,916.50M,921.90M,1.255B,981.40M,893.00M,926.20M,1.227B,939.30M,889.40M,883.90M,1.102B,931.00M,931.00M,843.80M,1.095B,819.70M,806.60M,778.50M,1.075B,831.60M,769.70M,796.90M,1.073B,810.80M,804.80M,809.60M,809.60M,750.00M,754.10M,723.20M,953.50M,729.20M,740.00M
Non-Operating Interest Income,141.25M,82.30M,96.22M,228.15M,-201.22M,177.08M,71.13M,16.87M,93.22M,58.33M,80.10M,56.55M,28.46M,37.53M,46.38M,32.75M,40.17M,39.05M,39.70M,68.13M,38.65M,49.55M,24.24M,35.25M,97.02M,23.43M,40.54M,38.31M,33.01M,24.49M,29.28M,40.99M,33.09M,33.24M,35.92M,26.75M,63.59M,38.70M,34.96M,48.21M,-2.785M,87.36M,58.89M,46.39M,,,47.80M,,,,,,,,,,,,,,,,,,,,,,,,,,,,,,,,,,,,,,,,,,,,,,,,,,,,,,,,,,,,,,,,,,,,,,,,,,,,,,,,,,,,,,,,,,,,,,,,,
Non-Operating Interest Expense,187.94M,186.64M,184.30M,183.54M,179.98M,180.07M,177.65M,169.66M,170.54M,166.90M,162.85M,162.05M,164.55M,167.20M,170.50M,164.13M,159.37M,164.06M,159.82M,160.22M,160.35M,155.82M,155.81M,155.53M,156.05M,151.05M,148.98M,147.96M,145.00M,147.80M,139.13M,137.35M,131.54M,127.59M,126.90M,136.13M,173.97M,127.13M,137.86M,171.20M,187.19M,130.13M,152.64M,147.26M,,,143.00M,,,,,,,,,,,,,,,,,,,,,,,,,,,,,,,,,,,,,,,,,,,,,,,,,,,,,,,,,,,,,,,,,,,,,,,,,,,,,,,,,,,,,,,,,,,,,,,,,
Net Non-Operating Interest Income Expense,-46.69M,-104.34M,-88.08M,44.60M,-381.20M,-2.986M,-106.51M,-152.79M,-77.32M,-108.57M,-82.76M,-105.50M,-136.08M,-129.66M,-124.12M,-131.38M,-119.20M,-125.01M,-120.11M,-92.09M,-121.70M,-106.27M,-131.57M,-120.28M,-59.02M,-127.62M,-108.44M,-109.66M,-111.99M,-123.31M,-109.85M,-96.36M,-98.45M,-94.35M,-90.98M,-109.39M,-110.38M,-88.42M,-102.90M,-122.99M,-189.97M,-42.78M,-93.75M,-100.87M,,,-95.19M,,,,,,,,,,,,,,,,,,,,,,,,,,,,,,,,,,,,,,,,,,,,,,,,,,,,,,,,,,,,,,,,,,,,,,,,,,,,,,,,,,,,,,,,,,,,,,,,,
Other Income and Expenses,-57.04M,-215.01M,-25.12M,-100.42M,-204.32M,-166.45M,-85.76M,-75.94M,-138.39M,-23.22M,-203.40M,-191.70M,-2.870B,-10.13M,-1.486M,0.984M,-355.83M,-1.638B,-3.769M,2.718M,-2.822M,-153.74M,-1.554M,1.155M,-9.855M,-284.04M,3.092M,-0.872M,10.35M,7.628M,15.25M,-349.21M,5.974M,7.379M,3.791M,21.54M,1.552M,2.13M,11.57M,-15.32M,10.79M,25.02M,-71.62M,27.20M,-83.99M,6.659M,-13.98M,-17.48M,-7.336M,-4.671M,-5.982M,-9.917M,64.39M,67.30M,59.45M,41.40M,38.51M,-1.958M,31.29M,47.25M,39.31M,-30.76M,33.86M,41.08M,20.60M,68.03M,-88.48M,-61.06M,197.61M,58.70M,18.64M,64.66M,14.91M,98.12M,71.97M,55.98M,28.39M,53.59M,94.71M,29.50M,82.96M,25.50M,80.78M,40.50M,306.70M,18.70M,18.20M,31.60M,,,29.20M,17.40M,38.00M,62.30M,12.70M,10.80M,51.00M,-4.80M,1.20M,-2.30M,15.10M,-23.20M,-13.80M,-6.50M,-6.50M,-0.20M,0.80M,2.20M,,,,,,,,,,,,,,,,,,,,,,,,,,,,,,,,,,,,
Net Interest Income,-46.69M,-104.34M,-88.08M,44.60M,-381.20M,-2.986M,-106.51M,-152.79M,-77.32M,-108.57M,-82.76M,-105.50M,-136.08M,-129.66M,-124.12M,-131.38M,-119.20M,-125.01M,-120.11M,-92.09M,-121.70M,-106.27M,-131.57M,-120.28M,-59.02M,-127.62M,-108.44M,-109.66M,-111.99M,-123.31M,-109.85M,-96.36M,-98.45M,-94.35M,-90.98M,-109.39M,-110.38M,-88.42M,-102.90M,-122.99M,-189.97M,-42.78M,-93.75M,-100.87M,,,-95.19M,,,,,,,,,,,,,,,,,,,,,,,,,,,,,,,,,,,,,,,,,,,,,,,,,,,,,,,,,,,,,,,,,,,,,,,,,,,,,,,,,,,,,,,,,,,,,,,,,
Pre-Tax Income,146.35M,398.66M,241.99M,301.42M,-579.21M,256.81M,-31.74M,179.86M,154.41M,643.44M,76.26M,93.81M,-2.732B,651.11M,323.62M,375.19M,-420.67M,-1.086B,253.50M,453.40M,207.13M,396.68M,323.02M,623.02M,163.13M,268.74M,241.17M,283.52M,222.56M,575.17M,248.38M,-146.90M,250.22M,513.94M,471.55M,417.93M,314.32M,682.54M,524.19M,366.50M,417.38M,740.58M,322.45M,403.38M,249.28M,638.53M,458.94M,501.75M,224.95M,692.00M,374.05M,358.26M,254.87M,599.18M,391.58M,322.74M,197.64M,585.58M,447.21M,271.99M,55.83M,462.82M,437.21M,319.01M,-36.77M,592.47M,337.35M,410.42M,24.30M,595.48M,396.12M,-98.88M,-0.762M,502.75M,411.42M,269.30M,88.35M,514.62M,395.64M,191.24M,30.47M,507.00M,296.19M,118.00M,320.90M,340.40M,282.60M,108.40M,,,247.40M,193.40M,106.40M,492.60M,334.20M,-21.30M,92.50M,441.50M,273.50M,91.20M,-153.10M,276.90M,237.20M,112.50M,52.20M,384.60M,207.50M,98.70M,,,,,,,,,,,,,,,,,,,,,,,,,,,,,,,,,,,,
Provision for Income Taxes,-243.26M,29.20M,1.458M,42.77M,-516.89M,-283.01M,-280.60M,43.66M,630.12M,241.80M,-337.11M,7.763M,-966.14M,257.91M,-248.97M,139.94M,-525.52M,-367.66M,99.78M,150.47M,82.12M,161.76M,128.74M,216.97M,11.78M,24.55M,73.11M,116.54M,-79.28M,232.50M,-122.20M,-0.162M,90.19M,-119.13M,150.95M,164.25M,81.01M,184.64M,203.91M,147.68M,98.64M,280.41M,90.64M,163.05M,58.74M,168.24M,183.01M,193.00M,31.06M,230.84M,106.45M,146.06M,-1.126M,202.44M,122.90M,118.83M,93.11M,222.08M,151.85M,92.24M,-81.66M,174.78M,166.20M,106.00M,-8.994M,220.82M,125.83M,152.42M,-57.38M,228.68M,148.53M,-25.90M,-3.88M,185.30M,165.84M,108.43M,38.30M,207.93M,149.86M,82.82M,14.26M,210.80M,86.43M,45.10M,73.90M,77.80M,66.60M,48.40M,,,88.80M,67.00M,52.70M,193.40M,127.50M,47.70M,10.80M,178.40M,110.80M,36.20M,-136.60M,133.70M,92.90M,41.80M,15.70M,151.20M,76.60M,41.40M,,,,,,,,,,,,,,,,,,,,,,,,,,,,,,,,,,,,
Income from Continuing Operations,389.60M,369.46M,240.53M,258.65M,-62.32M,539.82M,248.86M,136.20M,-475.71M,401.64M,413.37M,86.05M,-1.766B,393.20M,572.59M,235.24M,104.85M,-718.23M,153.72M,302.93M,125.01M,234.92M,194.28M,406.05M,151.35M,244.18M,168.06M,166.98M,301.85M,342.67M,370.58M,-146.74M,160.03M,633.07M,320.60M,253.68M,233.31M,497.90M,320.28M,218.81M,318.74M,460.17M,231.81M,240.33M,190.54M,470.29M,275.93M,308.75M,193.89M,461.16M,267.60M,212.20M,255.99M,396.74M,268.68M,203.90M,104.52M,363.50M,295.36M,179.74M,137.49M,288.05M,271.01M,213.02M,-27.78M,371.65M,211.52M,258.00M,81.67M,366.80M,247.58M,-72.98M,3.118M,317.45M,245.58M,160.87M,50.04M,306.69M,245.77M,108.41M,16.20M,296.20M,209.76M,72.90M,247.00M,262.60M,216.00M,60.00M,-8.70M,65.10M,158.60M,126.40M,53.70M,299.20M,206.70M,-69.00M,81.70M,263.10M,162.70M,55.00M,-16.50M,143.20M,144.30M,70.70M,36.50M,233.40M,130.90M,57.30M,55.60M,204.60M,82.10M,95.30M,111.30M,203.40M,81.90M,85.50M,70.60M,209.60M,109.40M,88.70M,15.10M,-679.30M,-118.10M,-118.10M,58.30M,171.80M,88.80M,92.20M,-22.30M,185.50M,93.60M,99.80M,61.80M,171.50M,103.40M,114.60M,100.20M,100.30M,125.10M,135.50M,92.90M,175.70M,105.60M,116.50M
Income from Discontinued Operations,,,,,,,,,,,,,,,,,,,,,,,,,,,,,,,,,,,,,,,,,,,,,,,,,,,,,-10.33M,-1.05M,13.12M,-2.239M,-33.51M,-7.108M,-2.811M,-1.366M,,,,,,,,,,,,,,,,,,,,,,,,,,,,,,,,,,,,,,,,,,,,,,,,,,,,,,,,,,,,,,,,,,,,,,,,,,,,,,,,,,,,
"Extraordinary Items, Income Statement",,,,,,,,,,,,,,,,,,,,,,,,,,,,,,,,,,,,,,,,,,,,,,,,,,,,,,,,,,,,,,,,,-5.848M,,,142.92M,,,,,,,,,,,,,,,,,,,,,,,,,,,,,,,,35.40M,,,,,0.00,,,93.80M,,,,,,,,,,,,,,,,,,,,,,,,,,,,,,,,,,,,
Income Attributable to Minority Interest,,,,,,,,,,,,,,,,,,,,,,,,,,,,,,,,,,,,,,,,,,,,,,,,,,,,,,,,,,,,,,,,,,,,-4.709M,,-4.709M,,,,-4.709M,,,,-4.709M,,,,,,,,,,,,,,,,,,,,,,,,,,,,,,,,,,,,,,,,,,,,,,,,,,,,,,,,,,,,,,,,,,
Preferred Stock Dividend,4.58M,4.219M,4.109M,4.109M,3.577M,3.439M,3.439M,3.439M,3.403M,3.446M,3.446M,3.446M,3.529M,5.034M,5.276M,5.276M,5.276M,4.794M,4.879M,4.879M,4.88M,4.879M,4.898M,4.879M,4.423M,4.332M,4.332M,5.582M,5.582M,5.582M,5.582M,4.943M,5.887M,5.015M,5.015M,5.015M,5.015M,5.015M,5.017M,5.015M,4.965M,4.998M,4.998M,4.998M,4.998M,4.998M,4.975M,4.998M,6.321M,6.375M,6.188M,6.221M,5.161M,6.811M,7.774M,8.038M,6.21M,6.436M,6.398M,6.383M,6.037M,5.803M,5.829M,5.855M,5.855M,5.876M,5.876M,5.916M,5.916M,5.924M,5.932M,5.94M,5.948M,4.97M,6.677M,6.716M,6.735M,6.755M,8.581M,9.55M,11.97M,9.90M,9.981M,10.70M,11.50M,11.60M,11.70M,11.80M,,,12.30M,16.70M,14.80M,19.30M,18.40M,18.10M,18.60M,20.50M,19.10M,19.90M,20.00M,20.30M,20.40M,20.90M,13.60M,14.00M,14.40M,14.60M,,,,,,,,,,,,,,,,,,,,,,,,,,,,,,,,,,,,
Net Income,389.60M,369.46M,240.53M,258.65M,-62.32M,539.82M,248.86M,136.20M,-475.71M,401.64M,413.37M,86.05M,-1.766B,393.20M,572.59M,235.24M,104.85M,-718.23M,153.72M,302.93M,125.01M,234.92M,194.28M,406.05M,151.35M,244.18M,168.06M,166.98M,301.85M,342.67M,370.58M,-146.74M,160.03M,633.07M,320.60M,253.68M,233.31M,497.90M,320.28M,218.81M,318.74M,460.17M,231.81M,240.33M,190.54M,470.29M,275.93M,308.75M,193.89M,461.16M,267.60M,212.20M,245.67M,395.69M,281.80M,201.67M,71.02M,356.39M,292.55M,178.38M,137.45M,288.05M,271.01M,213.02M,-33.62M,371.65M,211.52M,400.92M,81.67M,366.80M,247.58M,-72.98M,26.60M,317.45M,245.58M,160.87M,50.04M,306.69M,245.77M,108.41M,16.20M,296.20M,209.76M,72.90M,247.00M,262.60M,216.00M,60.00M,-8.70M,65.10M,158.60M,126.40M,53.70M,299.20M,206.70M,-69.00M,117.10M,263.10M,162.70M,90.40M,-16.50M,143.20M,144.30M,70.70M,36.50M,233.40M,130.90M,151.10M,55.60M,204.60M,82.10M,95.30M,111.30M,203.40M,81.90M,85.50M,70.60M,209.60M,109.40M,88.70M,15.10M,-679.30M,-118.10M,-118.10M,58.30M,171.80M,88.80M,92.20M,-22.30M,185.50M,93.60M,99.80M,61.80M,171.50M,103.40M,114.60M,100.20M,100.30M,125.10M,135.50M,92.90M,175.70M,105.60M,116.50M
Normalized Income,364.14M,522.30M,219.91M,289.33M,82.22M,629.51M,276.07M,169.96M,-413.50M,396.58M,516.08M,247.96M,33.27M,395.25M,568.46M,227.99M,281.61M,357.92M,146.47M,295.09M,121.28M,330.53M,186.40M,397.67M,139.37M,493.09M,156.73M,158.69M,287.70M,331.63M,352.20M,184.15M,118.30M,628.27M,318.02M,240.61M,232.15M,496.35M,313.21M,228.00M,310.50M,444.62M,283.30M,224.01M,254.74M,465.38M,282.78M,319.51M,200.22M,464.27M,271.88M,218.64M,217.36M,352.18M,227.89M,177.75M,81.42M,364.71M,274.70M,148.52M,113.91M,307.19M,250.02M,185.59M,-43.33M,328.97M,266.99M,296.39M,-36.89M,330.64M,235.93M,-120.71M,-5.829M,255.50M,202.40M,127.28M,33.01M,274.54M,186.94M,90.71M,-33.57M,280.90M,152.55M,47.88M,10.93M,248.17M,202.09M,41.04M,-8.70M,65.10M,139.88M,115.03M,30.90M,261.36M,198.85M,-75.48M,36.65M,265.98M,161.98M,56.39M,-25.56M,157.12M,152.70M,74.78M,41.05M,233.52M,130.40M,55.98M,55.60M,204.60M,82.10M,95.30M,111.30M,203.40M,81.90M,85.50M,70.60M,209.60M,109.40M,88.70M,15.10M,-679.30M,,,,,,,,,,,,,,,,,,,,,,
EBITDA,881.93M,1.151B,964.88M,1.015B,123.98M,926.61M,648.34M,874.70M,841.97M,1.329B,750.41M,787.23M,-1.993B,1.354B,1.007B,1.040B,243.25M,-379.04M,957.20M,1.140B,909.82M,1.096B,1.004B,1.295B,858.27M,943.82M,866.16M,904.41M,845.55M,1.184B,770.17M,440.46M,811.48M,1.105B,1.028B,976.47M,934.07M,1.237B,1.070B,961.13M,987.31M,1.250B,823.86M,899.08M,1.021B,1.063B,896.73M,897.21M,627.38M,1.093B,758.77M,708.83M,550.25M,891.84M,683.19M,592.55M,515.64M,907.28M,724.99M,546.08M,384.26M,845.54M,747.05M,611.74M,292.22M,875.60M,735.74M,819.97M,151.32M,886.30M,710.23M,167.64M,365.09M,740.18M,677.52M,602.46M,410.70M,804.80M,626.34M,483.21M,273.51M,785.90M,640.66M,408.90M,419.10M,1.026B,785.80M,618.00M,-5.160B,2.798B,675.30M,711.20M,443.50M,806.70M,696.40M,342.40M,380.80M,783.60M,605.70M,428.90M,186.30M,633.80M,572.20M,438.10M,281.60M,608.30M,430.10M,324.10M,1.004B,1.238B,958.10M,916.50M,921.90M,1.255B,981.40M,893.00M,926.20M,1.227B,939.30M,889.40M,883.90M,1.102B,931.00M,931.00M,843.80M,1.095B,819.70M,806.60M,778.50M,1.075B,831.60M,769.70M,796.90M,1.073B,810.80M,804.80M,809.60M,809.60M,750.00M,754.10M,723.20M,953.50M,729.20M,740.00M
Reconciled Depreciation,547.64M,565.87M,538.58M,530.22M,523.21M,489.74M,502.43M,525.18M,517.01M,518.89M,511.30M,531.37M,574.42M,536.12M,512.50M,500.25M,504.55M,542.80M,543.88M,526.01M,542.34M,543.58M,525.53M,516.44M,539.09M,524.04M,476.02M,472.93M,477.98M,461.00M,382.65M,450.01M,429.72M,463.70M,429.62M,422.41M,445.79M,427.76M,408.35M,423.43M,382.75M,378.91M,348.76M,348.44M,494.74M,311.17M,294.79M,290.98M,297.98M,282.66M,280.73M,270.24M,269.53M,269.00M,254.82M,241.81M,254.46M,252.94M,241.37M,253.09M,269.32M,274.07M,252.74M,249.00M,251.66M,256.60M,239.81M,248.54M,219.64M,222.61M,214.07M,213.32M,216.27M,111.13M,196.97M,216.43M,215.62M,210.97M,192.80M,196.61M,194.43M,183.91M,,,,,,,,,,,,,,,,,,,,,,,,,,,,,,,,,,,,,,,,,,,,,,,,,,,,,,,,,,,,,,
EBIT,334.29M,585.30M,426.29M,484.96M,-399.23M,436.88M,145.91M,349.52M,324.96M,810.34M,239.11M,255.86M,-2.567B,818.30M,494.12M,539.32M,-261.29M,-921.84M,413.32M,613.62M,367.48M,552.50M,478.84M,778.55M,319.18M,419.79M,390.14M,431.48M,367.56M,722.97M,387.52M,-9.548M,381.76M,641.53M,598.45M,554.06M,488.28M,809.66M,662.05M,537.70M,604.57M,870.71M,475.10M,550.64M,526.02M,752.09M,601.94M,606.23M,329.40M,810.33M,478.04M,438.59M,280.72M,622.84M,428.36M,350.74M,261.18M,654.34M,483.62M,292.99M,114.94M,571.47M,494.31M,362.74M,40.57M,619.00M,495.94M,571.43M,-68.32M,663.69M,496.15M,-45.68M,148.82M,606.50M,480.55M,386.03M,195.08M,593.84M,433.54M,286.60M,79.08M,601.90M,363.95M,203.50M,217.00M,522.20M,472.70M,285.40M,-5.160B,2.798B,434.00M,372.20M,239.20M,609.80M,501.30M,147.80M,203.80M,606.10M,434.80M,258.40M,0.70M,467.40M,415.70M,287.60M,178.20M,510.00M,331.50M,223.30M,1.004B,1.238B,958.10M,916.50M,921.90M,1.255B,981.40M,893.00M,926.20M,1.227B,939.30M,889.40M,883.90M,1.102B,931.00M,931.00M,843.80M,1.095B,819.70M,806.60M,778.50M,1.075B,831.60M,769.70M,796.90M,1.073B,810.80M,804.80M,809.60M,809.60M,750.00M,754.10M,723.20M,953.50M,729.20M,740.00M
EPS Basic from Continuing Operations,1.93,1.84,1.22,1.34,-0.36,2.96,1.36,0.73,-2.66,2.22,2.28,0.46,-9.88,2.17,3.17,1.29,0.56,-4.04,0.83,1.66,0.67,1.28,1.06,2.24,0.82,1.35,0.92,0.91,1.66,1.90,2.06,-0.86,0.87,3.55,1.77,1.39,1.28,2.65,1.67,1.13,1.66,2.35,1.16,1.22,0.91,2.47,1.42,1.60,1.00,2.37,1.36,1.06,1.35,1.87,1.29,0.94,0.61,1.71,1.37,0.81,0.71,1.24,1.16,0.90,-0.16,1.60,0.91,1.13,0.35,1.61,1.08,-0.36,-0.01,1.41,1.08,0.70,0.22,1.35,1.04,0.42,0.03,1.16,0.81,0.25,0.96,1.02,0.83,0.20,-0.0834,0.33,0.61,0.47,0.16,1.22,0.83,-0.38,0.4325,1.16,0.71,0.24,-0.07,0.63,0.63,0.31,0.21,1.34,0.75,0.33,0.32,1.16,0.46,0.54,0.62,1.12,0.45,0.46,0.38,1.07,0.55,0.44,0.07,-3.32,-0.58,-0.57,,0.84,0.43,0.45,,0.90,0.46,0.49,,0.84,0.51,0.56,,2.07,0.63,0.71,,0.98,0.61,0.69
EPS Basic from Discontinued Operations,,,,,,,,,,,,,,,,,,,,,,,,,,,,,,,,,0.00,0.00,0.00,0.00,0.00,0.00,0.00,0.00,0.00,0.00,0.00,0.00,0.00,0.00,0.00,0.00,0.00,0.00,0.00,0.00,-0.05,0.00,0.06,-0.01,-0.16,-0.03,-0.01,-0.01,-0.0002,0.00,0.00,0.00,-0.02,0.00,0.00,0.64,0.00,0.00,0.00,0.00,0.11,0.00,0.00,0.00,0.00,0.00,0.00,0.00,0.00,0.00,0.00,0.00,0.00,0.00,0.00,0.00,,0.00,0.00,0.00,0.00,0.00,0.00,0.00,,0.00,0.00,0.16,0.00,0.00,0.00,0.00,0.00,0.00,0.00,0.53,0.00,0.00,0.00,0.00,0.00,0.00,0.00,0.00,0.00,0.00,0.00,0.00,0.00,0.00,0.00,0.00,,0.00,0.00,0.00,,0.00,0.00,0.00,,0.00,0.00,0.00,,0.00,0.00,0.00,,0.00,0.00,0.00
EPS Basic from Extraordinaries,,,,,,,,,,,,,,,,,,,,,,,,,,,,,,,,,,,,,,,,,,,,,,,,,,,,,,,,,,,,,,,,,0.00,,,0.0000,,,,,,,,,,,,,,,,,,,,,,,,,,,,,,,,0.00,,,,,0.00,,,0.0000,,,,,,,,,,,,,,,,,,,,,,,,,,,,,,,,,,,,
Normalized Basic EPS,1.802,2.608,1.113,1.502,0.4294,3.456,1.510,0.9168,-2.315,2.192,2.852,1.363,0.1619,2.181,3.147,1.249,1.551,1.967,0.7896,1.616,0.6493,1.812,1.016,2.193,0.7528,2.746,0.8564,0.8634,1.580,1.838,1.956,1.011,0.6331,3.523,1.756,1.317,1.274,2.642,1.633,1.179,1.616,2.270,1.423,1.135,1.249,2.444,1.456,1.656,1.033,2.386,1.382,1.092,1.162,1.656,1.094,0.8141,0.4986,1.716,1.272,0.6642,0.5909,1.324,1.068,0.7809,-0.2280,1.413,1.155,1.302,-0.1836,1.448,1.028,-0.5750,-0.0505,1.131,0.8847,0.5473,0.1424,1.205,0.7820,0.3452,-0.1777,1.098,0.5707,0.1494,-0.0030,0.9614,0.7735,0.1213,-0.0834,0.33,0.5320,0.4213,0.0623,1.055,0.7954,-0.4083,0.2347,1.174,0.7064,0.2479,-0.1409,0.7014,0.6727,0.3277,0.2384,1.341,0.7468,0.3217,0.32,1.16,0.46,0.54,0.62,1.12,0.45,0.46,0.38,1.07,0.55,0.44,0.07,-3.32,-0.58,-0.57,,0.84,0.43,0.45,,0.90,0.46,0.49,,0.84,0.51,0.56,,2.07,0.63,0.71,,0.98,0.61,0.69
EPS Basic,1.93,1.84,1.22,1.34,-0.36,2.96,1.36,0.73,-2.66,2.22,2.28,0.46,-9.88,2.17,3.17,1.29,0.56,-4.04,0.83,1.66,0.67,1.28,1.06,2.24,0.82,1.35,0.92,0.91,1.66,1.90,2.06,-0.86,0.87,3.55,1.77,1.39,1.28,2.65,1.67,1.13,1.66,2.35,1.16,1.22,0.91,2.47,1.42,1.60,1.00,2.37,1.36,1.06,1.30,1.87,1.35,0.93,0.44,1.68,1.36,0.80,0.71,1.24,1.16,0.90,-0.18,1.60,0.91,1.77,0.35,1.61,1.08,-0.36,0.10,1.41,1.08,0.70,0.22,1.35,1.04,0.42,0.03,1.16,0.81,0.25,0.96,1.02,0.83,0.20,-0.0834,0.33,0.61,0.47,0.16,1.22,0.83,-0.38,0.4325,1.16,0.71,0.40,-0.07,0.63,0.63,0.31,0.21,1.34,0.75,0.86,0.32,1.16,0.46,0.54,0.62,1.12,0.45,0.46,0.38,1.07,0.55,0.44,0.07,-3.32,-0.58,-0.57,,0.84,0.43,0.45,,0.90,0.46,0.49,,0.84,0.51,0.56,,2.07,0.63,0.71,,0.98,0.61,0.69
EPS Diluted from Continuing Operations,1.92,1.82,1.22,1.32,-0.36,2.92,1.34,0.73,-2.66,2.21,2.27,0.46,-9.88,2.16,3.16,1.28,0.56,-4.04,0.83,1.65,0.66,1.27,1.05,2.24,0.82,1.34,0.92,0.90,1.66,1.89,2.06,-0.86,0.87,3.53,1.76,1.38,1.28,2.62,1.65,1.12,1.64,2.32,1.14,1.20,0.87,2.41,1.37,1.56,0.97,2.30,1.32,1.03,1.33,1.83,1.27,0.93,0.60,1.68,1.34,0.80,0.69,1.22,1.14,0.88,-0.16,1.57,0.89,1.10,0.34,1.59,1.06,-0.36,-0.01,1.39,1.06,0.69,0.20,1.34,1.04,0.4177,0.03,1.16,0.81,0.25,0.9571,1.02,0.83,0.20,-0.0834,0.33,0.61,0.47,0.16,1.22,0.83,-0.38,0.4325,1.16,0.71,0.24,-0.07,0.63,0.63,0.31,0.21,1.34,0.75,0.33,0.32,1.16,0.46,0.54,0.62,1.12,0.45,0.46,0.38,1.07,0.55,0.44,0.07,-3.32,-0.58,-0.57,,0.84,0.43,0.45,,0.90,0.46,0.49,,0.84,0.51,0.56,,2.07,0.63,0.71,,0.98,0.61,0.69
EPS Diluted from Discontinued Operations,,,,,,,,,,,,,,,,,,,,,,,,,,,,,,,,,0.00,0.00,0.00,0.00,0.00,0.00,0.00,0.00,0.00,0.00,0.00,0.00,0.00,0.00,0.00,0.00,0.00,0.00,0.00,0.00,-0.05,0.00,0.06,-0.01,-0.16,-0.03,-0.01,-0.01,-0.0002,0.00,0.00,0.00,-0.03,0.00,0.00,0.63,0.00,0.00,0.00,0.00,0.10,0.00,0.00,0.00,0.00,0.00,0.00,0.00,0.00,0.00,0.00,0.00,0.00,0.00,0.00,0.00,,0.00,0.00,0.00,0.00,0.00,0.00,0.00,,0.00,0.00,0.16,0.00,0.00,0.00,0.00,0.00,0.00,0.00,0.53,0.00,0.00,0.00,0.00,0.00,0.00,0.00,0.00,0.00,0.00,0.00,0.00,0.00,0.00,0.00,0.00,,0.00,0.00,0.00,,0.00,0.00,0.00,,0.00,0.00,0.00,,0.00,0.00,0.00,,0.00,0.00,0.00
EPS Diluted from Extraordinaries,,,,,,,,,,,,,,,,,,,,,,,,,,,,,,,,,,,,,,,,,,,,,,,,,,,,,,,,,,,,,,,,,-0.0276,,,0.6262,,,,,,,,,,,,,,,,,,,,,,,,,,,,,,,,0.2009,,,,,-0.1801,,,0.5910,,,,,,,,,,,,,,,,,,,,,,,,,,,,,,,,,,,,
Normalized Diluted EPS,1.793,2.582,1.114,1.480,0.4195,3.408,1.489,0.9161,-2.318,2.182,2.840,1.360,0.1619,2.171,3.137,1.239,1.551,1.967,0.7897,1.607,0.6395,1.800,1.006,2.193,0.7530,2.733,0.8566,0.8535,1.581,1.828,1.956,1.005,0.6343,3.503,1.746,1.307,1.274,2.612,1.613,1.168,1.597,2.241,1.400,1.118,1.172,2.385,1.405,1.614,1.001,2.316,1.341,1.061,1.146,1.620,1.077,0.8063,0.4906,1.686,1.244,0.6572,0.5739,1.303,1.050,0.7633,-0.2267,1.386,1.130,1.268,-0.1823,1.431,1.009,-0.5750,-0.0498,1.114,0.8687,0.5399,0.1240,1.197,0.7820,0.3429,-0.177,1.098,0.5707,0.1494,-0.0031,0.9614,0.7735,0.1213,-0.0834,0.33,0.5320,0.4213,0.0623,1.055,0.7954,-0.4083,0.2347,1.174,0.7064,0.2479,-0.1409,0.7014,0.6727,0.3277,0.2384,1.341,0.7468,0.3217,0.32,1.16,0.46,0.54,0.62,1.12,0.45,0.46,0.38,1.07,0.55,0.44,0.07,-3.32,-0.58,-0.57,,0.84,0.43,0.45,,0.90,0.46,0.49,,0.84,0.51,0.56,,2.07,0.63,0.71,,0.98,0.61,0.69
EPS Diluted,1.92,1.82,1.22,1.32,-0.36,2.92,1.34,0.73,-2.66,2.21,2.27,0.46,-9.88,2.16,3.16,1.28,0.56,-4.04,0.83,1.65,0.66,1.27,1.05,2.24,0.82,1.34,0.92,0.90,1.66,1.89,2.06,-0.86,0.87,3.53,1.76,1.38,1.28,2.62,1.65,1.12,1.64,2.32,1.14,1.20,0.87,2.41,1.37,1.56,0.97,2.30,1.32,1.03,1.28,1.83,1.33,0.92,0.44,1.65,1.33,0.79,0.69,1.22,1.14,0.88,-0.18,1.57,0.89,1.73,0.34,1.59,1.06,-0.36,0.09,1.39,1.06,0.69,0.20,1.34,1.04,0.4177,0.03,1.16,0.81,0.25,0.9571,1.02,0.83,0.20,-0.0834,0.33,0.61,0.47,0.16,1.22,0.83,-0.38,0.4325,1.16,0.71,0.40,-0.07,0.63,0.63,0.31,0.21,1.34,0.75,0.86,0.32,1.16,0.46,0.54,0.62,1.12,0.45,0.46,0.38,1.07,0.55,0.44,0.07,-3.32,-0.58,-0.57,,0.84,0.43,0.45,,0.90,0.46,0.49,,0.84,0.51,0.56,,2.07,0.63,0.71,,0.98,0.61,0.69
Average Basic Shares Outstanding,199.15M,198.93M,193.02M,189.58M,183.10M,181.00M,180.82M,180.71M,180.31M,179.56M,179.48M,179.34M,179.13M,179.02M,178.81M,178.58M,178.38M,179.15M,179.52M,179.66M,180.25M,179.61M,179.35M,178.80M,178.33M,178.28M,178.20M,178.03M,177.75M,177.52M,177.17M,176.87M,176.15M,176.95M,177.81M,178.83M,180.14M,185.96M,188.78M,189.20M,188.96M,193.42M,196.11M,192.59M,189.37M,190.38M,191.33M,192.64M,193.96M,194.86M,196.98M,200.55M,205.72M,208.38M,207.98M,207.73M,207.47M,207.91M,211.13M,214.13M,197.95M,226.88M,228.71M,230.26M,228.78M,228.11M,226.61M,223.67M,222.18M,223.71M,224.33M,221.94M,221.05M,221.68M,221.11M,219.92M,219.53M,222.16M,228.07M,236.61M,239.67M,246.81M,239.04M,248.80M,245.14M,246.08M,246.14M,241.00M,245.84M,237.13M,239.84M,233.40M,233.46M,229.43M,226.87M,229.21M,227.77M,209.14M,202.25M,176.25M,127.87M,195.08M,196.67M,230.22M,160.14M,163.73M,155.33M,158.72M,175.25M,176.38M,178.48M,176.48M,179.76M,181.61M,182.00M,185.87M,190.36M,195.89M,198.91M,201.59M,335.04M,204.61M,203.99M,203.99M,204.58M,204.58M,204.58M,204.58M,204.58M,204.58M,204.58M,204.58M,204.58M,204.58M,204.58M,204.56M,204.58M,201.87M,194.88M,189.17M,189.17M,183.20M,178.68M,166.08M
Average Diluted Shares Outstanding,200.94M,200.49M,194.24M,192.23M,185.44M,183.66M,182.98M,181.43M,181.65M,180.46M,180.23M,179.84M,179.13M,179.99M,179.50M,178.98M,178.38M,179.15M,180.12M,180.48M,181.59M,180.53M,180.05M,179.06M,178.72M,178.65M,178.61M,178.41M,178.04M,177.98M,177.57M,177.39M,177.07M,177.72M,178.93M,180.08M,181.51M,187.78M,190.72M,191.28M,191.20M,195.88M,198.24M,198.06M,212.85M,194.96M,197.86M,198.30M,201.03M,200.53M,203.42M,206.13M,210.46M,212.40M,211.56M,211.37M,211.14M,212.34M,215.57M,218.63M,203.19M,231.13M,232.78M,234.98M,233.42M,232.52M,231.58M,228.23M,227.00M,227.05M,228.85M,221.94M,224.59M,224.83M,225.71M,223.79M,224.06M,224.35M,228.07M,236.67M,240.47M,246.81M,239.04M,248.80M,245.85M,246.08M,246.14M,241.00M,245.84M,237.13M,239.84M,233.40M,233.46M,229.43M,226.87M,229.21M,227.77M,209.14M,202.25M,176.25M,127.87M,195.08M,196.67M,230.22M,160.14M,163.73M,155.33M,158.72M,175.25M,176.38M,178.48M,176.48M,179.76M,181.61M,182.00M,185.87M,190.36M,195.89M,198.91M,201.59M,335.04M,204.61M,203.99M,203.99M,204.58M,204.58M,204.58M,204.58M,204.58M,204.58M,204.58M,204.58M,204.58M,204.58M,204.58M,204.56M,204.58M,201.87M,194.88M,189.17M,189.17M,183.20M,178.68M,166.08M
Dividend Per Share,0.93,0.91,0.91,0.91,0.91,0.89,0.89,0.89,0.89,0.87,0.87,0.87,0.87,0.85,0.85,0.85,0.85,0.83,0.83,0.83,0.83,0.83,0.83,0.83,0.83,0.83,0.83,0.83,0.83,0.83,0.83,0.83,0.83,0.83,0.83,0.83,0.83,0.83,0.83,0.75,0.75,0.75,0.75,0.75,0.75,0.75,0.75,0.75,0.75,0.75,0.54,0.54,0.54,0.54,0.54,0.54,0.54,0.54,0.54,0.54,0.54,0.45,0.45,0.45,0.45,0.45,0.35,0.35,0.35,0.33,0.33,0.33,0.33,0.315,0.315,0.315,0.315,0.30,0.30,0.30,0.30,0.30,0.30,0.30,0.30,0.30,0.45,0.45,0.45,0.45,0.45,0.45,0.45,0.45,0.45,0.45,0.45,0.45,0.45,0.45,0.45,0.45,0.45,0.45,0.45,0.40,0.40,0.40,0.40,0.35,0.35,0.35,0.35,0.30,0.30,0.30,0.30,0.25,0.25,0.25,0.25,0.25,0.20,0.20,0.20,0.00,0.00,0.00,0.00,0.00,0.00,0.00,0.00,0.00,0.00,0.00,0.00,0.00,0.445,0.445,0.445,0.435,0.435,0.435
As Originally Reported,AOR,AOR,AOR,AOR,AOR,AOR,AOR,AOR,AOR,AOR,AOR,AOR,AOR,AOR,AOR,AOR,AOR,AOR,AOR,AOR,AOR,AOR,AOR,AOR,AOR,AOR,AOR,AOR,AOR,AOR,AOR,AOR,AOR,AOR,AOR,AOR,AOR,AOR,AOR,AOR,AOR,AOR,AOR,AOR,,,,,,,,,,,,,,,,,,,,,,,,,,,,,,,,,,,,,,,,,,,,,,,,,,,,,,,,,,,,,,,,,,,,,,,,,,,,,,,,,,,,,,,,,,,,,,,,,,,,
Restated,,,,,Restated,Restated,Restated,Restated,Restated,Restated,Restated,Restated,Restated,Restated,Restated,Restated,Restated,Restated,Restated,Restated,Restated,Restated,Restated,Restated,Restated,Restated,Restated,Restated,Restated,Restated,Restated,Restated,Restated,Restated,Restated,Restated,Restated,Restated,Restated,Restated,Restated,Restated,Restated,Restated,Restated,,Restated,,,,,,,,,,,,,,,,,,,,,,,,,,,,,,,,,,,,,,,,,,,,,,,,,,,,,,,,,,,,,,,,,,,,,,,,,,,,,,,,,,,,,,,,,,,,,,,,,
