Income (Quarterly),2019-12,2019-09,2019-06,2019-03,2018-12,2018-09,2018-06,2018-03,2017-12,2017-09,2017-06,2017-03,2016-12,2016-09,2016-06,2016-03,2015-12,2015-09,2015-06,2015-03,2014-12,2014-09,2014-06,2014-03,2013-12,2013-09,2013-06,2013-03,2012-12,2012-09,2012-06,2012-03,2011-12,2011-09,2011-06,2011-03,2010-12,2010-09,2010-06,2010-03,2009-12,2009-09,2009-06,2009-03,2008-12,2008-09,2008-06,2008-03,2007-12,2007-09,2007-06,2007-03,2006-12,2006-09,2006-06,2006-03,2005-12,2005-09,2005-06,2005-03,2004-12,2004-09,2004-06,2004-03,2003-12,2003-09,2003-06,2003-03,2002-12,2002-09,2002-06,2002-03,2001-12,2001-09,2001-06,2001-03,2000-12,2000-09,2000-06,2000-03,1999-12,1999-09,1999-06,1999-03,1998-12,1998-09,1998-06,1998-03,1997-12,1997-09,1997-06,1997-03,1996-12,1996-09,1996-06,1996-03,1995-12,1995-09,1995-06,1995-03,1994-12,1994-09,1994-06,1994-03,1993-12,1993-09,1993-06,1993-03,1992-12,1992-09,1992-06,1992-03,1991-12,1991-09,1991-06,1991-03,1990-12,1990-09,1990-06,1990-03,1989-12,1989-09,1989-06,1989-03,1988-12,1988-09,1988-06,1988-03,1987-12,1987-09,1987-06,1987-03,1986-12,1986-09,1986-06,1986-03,1985-12,1985-09,1985-06,1985-03,1984-12,1984-09,1984-06,1984-03
Operating Revenue,2.774B,2.993B,2.557B,3.119B,2.858B,3.029B,2.64B,2.932B,2.775B,2.998B,2.628B,2.925B,2.775B,3.022B,2.483B,2.751B,2.626B,2.883B,2.498B,2.941B,2.907B,2.853B,2.667B,3.181B,2.710B,2.805B,2.561B,2.762B,2.531B,2.707B,2.258B,2.558B,2.492B,2.832B,2.438B,2.817B,2.490B,2.629B,2.308B,2.807B,2.618B,2.315B,2.016B,2.696B,2.708B,2.852B,2.616B,3.028B,2.603B,2.400B,2.267B,2.764B,2.467B,2.412B,2.074B,2.888B,2.885B,2.286B,2.064B,2.391B,2.232B,1.975B,1.763B,2.262B,1.958B,2.002B,1.712B,2.076B,-93.28M,2.473B,2.226B,3.318B,-255.31M,2.982B,3.697B,4.207B,4.636B,2.563B,2.416B,793.00M,5.509B,813.40M,627.16M,743.18M,4.506B,766.40M,638.70M,701.40M,699.50M,697.40M,594.30M,742.50M,710.00M,633.30M,592.30M,718.70M,652.80M,664.90M,589.70M,661.20M,608.70M,612.30M,582.00M,683.40M,630.00M,588.00M,545.30M,640.80M,572.00M,523.40M,500.30M,563.80M,533.50M,589.20M,501.50M,577.00M,431.20M,554.90M,494.80M,583.60M,499.60M,483.00M,446.50M,560.60M,484.00M,530.30M,442.80M,549.40M,428.80M,470.30M,398.70M,472.50M,421.10M,432.70M,387.20M,540.60M,465.80M,389.90M,386.90M,546.20M,444.10M,413.30M,393.30M,524.90M
Revenue,2.798B,3.013B,2.577B,3.141B,2.88B,3.048B,2.658B,2.951B,2.795B,3.017B,2.645B,2.946B,2.795B,3.040B,2.500B,2.772B,2.645B,2.901B,2.515B,2.962B,2.929B,2.870B,2.685B,3.203B,2.731B,2.822B,2.579B,2.783B,2.551B,2.724B,2.275B,2.578B,2.568B,2.832B,2.438B,2.817B,2.567B,2.629B,2.308B,2.807B,2.618B,2.315B,2.016B,2.696B,2.708B,2.852B,2.616B,3.028B,2.603B,2.400B,2.267B,2.764B,2.467B,2.412B,2.074B,2.888B,2.885B,2.286B,2.064B,2.391B,2.232B,1.975B,1.763B,2.262B,1.958B,2.002B,1.712B,2.076B,-93.28M,2.473B,2.226B,3.318B,-255.31M,2.982B,3.697B,4.207B,4.636B,2.563B,2.416B,793.00M,5.509B,813.40M,627.16M,743.18M,4.506B,766.40M,638.70M,701.40M,699.50M,697.40M,594.30M,742.50M,710.00M,633.30M,592.30M,718.70M,652.80M,664.90M,589.70M,661.20M,608.70M,612.30M,582.00M,683.40M,630.00M,588.00M,545.30M,640.80M,572.00M,523.40M,500.30M,563.80M,533.50M,589.20M,501.50M,577.00M,431.20M,554.90M,494.80M,583.60M,499.60M,483.00M,446.50M,560.60M,484.00M,530.30M,442.80M,549.40M,428.80M,470.30M,398.70M,472.50M,421.10M,432.70M,387.20M,540.60M,465.80M,389.90M,386.90M,546.20M,444.10M,413.30M,393.30M,524.90M
Cost of Goods Sold,1.689B,1.596B,1.521B,2.00B,1.885B,1.70B,1.625B,1.872B,1.778B,1.614B,1.613B,1.879B,1.773B,1.703B,1.551B,1.760B,1.727B,1.655B,1.634B,2.018B,2.090B,1.756B,1.845B,2.260B,1.980B,1.756B,1.770B,1.902B,1.831B,1.595B,1.484B,1.800B,3.439B,1.245B,1.159B,1.483B,3.379B,1.186B,1.118B,1.577B,1.433B,1.059B,947.48M,1.522B,1.617B,1.674B,1.589B,1.088B,1.522B,1.191B,1.251B,979.57M,,,951.21M,994.70M,1.127B,1.121B,912.40M,761.41M,750.20M,888.84M,723.02M,678.69M,659.90M,814.45M,639.34M,592.15M,546.84M,618.44M,544.40M,488.11M,598.95M,947.91M,836.98M,779.66M,3.510B,1.173B,518.04M,323.95M,3.109B,294.40M,223.68M,280.21M,2.264B,234.60M,209.50M,261.70M,,,182.60M,291.60M,258.70M,165.70M,180.50M,271.80M,215.60M,187.60M,189.40M,234.50M,203.20M,183.20M,194.10M,254.30M,,,,,,,,,,,,,,,,,,,,,,,,,,,,,,,,,,,,,,,,
Gross Profit,1.109B,1.417B,1.056B,1.141B,995.00M,1.348B,1.033B,1.079B,1.017B,1.403B,1.032B,1.067B,1.022B,1.337B,948.50M,1.013B,918.52M,1.246B,881.32M,943.84M,838.77M,1.114B,839.63M,942.18M,750.49M,1.067B,808.67M,880.79M,720.40M,1.129B,790.58M,778.16M,-870.81M,1.587B,1.279B,1.333B,-812.20M,1.443B,1.190B,1.230B,1.185B,1.256B,1.069B,1.174B,1.090B,1.177B,1.026B,1.940B,1.082B,1.209B,1.016B,1.784B,,,1.123B,1.893B,1.758B,1.165B,1.152B,1.629B,1.481B,1.086B,1.040B,1.583B,1.299B,1.187B,1.073B,1.483B,-640.12M,1.855B,1.681B,2.829B,-854.26M,2.034B,2.860B,3.427B,1.126B,1.390B,1.898B,469.05M,2.400B,519.00M,403.48M,462.98M,2.242B,531.80M,429.20M,439.70M,,,411.70M,450.90M,451.30M,467.60M,411.80M,446.90M,437.20M,477.30M,400.30M,426.70M,405.50M,429.10M,387.90M,429.10M,,,,,,,,,,,,,,,,,,,,,,,,,,,,,,,,,,,,,,,,
General and Administrative Expense,,,,,,,,,,1.00M,1.00M,1.00M,,1.148M,0.92M,0.50M,2.422M,0.689M,0.222M,2.045M,2.26M,0.417M,2.438M,1.808M,2.36M,2.386M,1.407M,2.139M,1.463M,2.042M,1.061M,2.799M,,,,,,,,,,,,,,,,,,,,,,,,,,,,,,,,,,,,,,,,,,,,,,,,,,,,,,,,,,,,,,,,,,,,,,,,,,,,,,,,,,,,,,,,,,,,,,,,,,,,,,,,,,,,,,,,
SG&A Expense,,,,,,,,,,1.00M,1.00M,1.00M,,1.148M,0.92M,0.50M,2.422M,0.689M,0.222M,2.045M,2.26M,0.417M,2.438M,1.808M,2.36M,2.386M,1.407M,2.139M,1.463M,2.042M,1.061M,2.799M,-207.29M,71.28M,65.50M,75.30M,-167.92M,60.86M,55.55M,58.04M,48.32M,47.16M,41.42M,45.22M,25.44M,27.48M,,,,,,,,,,,,,,,,,,,,,,,,,,,,,,,,,,38.10M,,34.30M,35.23M,30.56M,,36.90M,36.50M,37.80M,,,36.30M,34.60M,32.10M,41.20M,40.40M,34.90M,57.30M,45.30M,39.70M,43.70M,45.50M,48.30M,45.10M,49.20M,,,,,,,,,,,,,,,,,,,,,,,,,,,,,,,,,,,,,,,,
Special Income and Charges,22.00M,15.00M,20.00M,20.00M,29.00M,30.00M,26.00M,23.00M,21.00M,24.00M,16.00M,14.00M,14.96M,17.20M,14.73M,13.11M,15.27M,15.43M,12.64M,12.66M,20.90M,23.34M,23.61M,21.91M,24.54M,21.28M,22.11M,19.75M,18.34M,15.86M,15.19M,13.45M,12.47M,12.42M,20.94M,20.67M,-1.193M,44.36M,13.46M,4.477M,115.34M,-17.65M,-3.376M,27.88M,23.67M,16.20M,24.54M,2.025M,7.953M,0.122M,-8.529M,1.666M,,,0.802M,1.118M,6.445M,-0.288M,9.984M,0.242M,9.387M,1.942M,13.38M,14.56M,-17.25M,17.44M,2.135M,-3.918M,,,,,,,,40.00M,193.81M,-5.027M,55.55M,49.61M,77.22M,51.50M,17.38M,-12.36M,116.98M,-7.30M,1.20M,5.10M,,,-1.60M,-3.70M,-5.30M,-0.30M,-5.00M,-3.40M,-18.40M,-2.20M,-6.10M,2.00M,-10.20M,5.30M,-2.00M,3.20M,,,,,,,,,,,,,,,,,,,,,,,,,,,,,,,,,,,,,,,,
Non Income Taxes,140.00M,137.00M,142.00M,150.00M,139.00M,135.00M,137.00M,145.00M,134.00M,134.00M,135.00M,142.00M,131.02M,117.19M,138.47M,145.32M,122.56M,123.08M,129.73M,136.63M,106.90M,117.96M,116.28M,124.70M,99.74M,105.29M,102.05M,113.43M,103.03M,100.64M,99.63M,105.62M,96.74M,89.02M,92.49M,96.57M,87.72M,81.79M,81.01M,81.38M,77.41M,78.91M,73.07M,77.04M,68.36M,70.24M,68.56M,79.41M,67.29M,66.02M,66.24M,78.18M,,,71.32M,78.54M,67.18M,73.55M,71.33M,75.75M,62.90M,73.65M,71.94M,84.80M,31.73M,84.25M,81.36M,80.70M,62.10M,87.54M,84.71M,82.90M,76.44M,53.89M,87.75M,94.75M,79.42M,90.06M,89.28M,57.86M,76.32M,115.70M,55.15M,57.63M,69.44M,123.30M,76.80M,86.50M,,,78.80M,98.40M,-69.60M,114.00M,87.60M,100.80M,-60.30M,114.80M,85.80M,98.90M,-52.10M,97.70M,86.90M,102.10M,,,,,,,,,,,,,,,,,,,,,,,,,,,,,,,,,,,,,,,,
Operating Interest Expense,178.00M,186.00M,173.00M,173.00M,157.00M,158.00M,158.00M,154.00M,149.00M,151.00M,150.00M,153.00M,148.95M,152.26M,149.67M,144.12M,140.43M,139.28M,132.20M,133.10M,130.26M,127.53M,123.67M,123.75M,127.37M,129.14M,124.31M,125.06M,127.54M,137.27M,138.20M,139.14M,121.97M,141.71M,146.34M,144.35M,97.85M,144.85M,134.88M,143.83M,131.08M,129.75M,129.45M,141.80M,136.96M,130.15M,,,,,,,,,,,,,,,,,,,,,,,,,,,,,,,,,,,,,,,,,,,,,,,,,,,,,,,,,,,,,,,,,,,,,,,,,,,,,,,,,,,,,,,,,,,,,,,,,,
Operating Interest Income,,,,,,,,,,6.00M,2.00M,4.00M,,1.385M,0.984M,4.07M,1.061M,0.312M,0.389M,4.238M,1.029M,1.139M,1.292M,3.893M,0.728M,1.304M,1.505M,4.806M,2.004M,1.82M,0.881M,5.622M,2.411M,1.974M,1.481M,4.773M,2.849M,4.88M,1.243M,2.051M,6.153M,2.709M,3.14M,2.926M,7.509M,9.854M,,,,,,,,,,,,,,,,,,,,,,,,,,,,,,,,,,,,,,,,,,,,,,,,,,,,,,,,,,,,,,,,,,,,,,,,,,,,,,,,,,,,,,,,,,,,,,,,,,
Net Operating Interest Income,-185.00M,-192.00M,-179.00M,-179.00M,-164.00M,-164.00M,-164.00M,-160.00M,-167.00M,-151.00M,-154.00M,-155.00M,-161.36M,-156.94M,-155.31M,-146.38M,-145.55M,-145.22M,-137.67M,-134.56M,-135.07M,-132.13M,-128.00M,-125.65M,-132.72M,-133.86M,-135.03M,-126.07M,-131.49M,-141.46M,-143.36M,-139.60M,-143.58M,-139.74M,-144.86M,-139.58M,-115.64M,-139.97M,-133.64M,-141.78M,-124.93M,-127.04M,-126.31M,-138.88M,-129.45M,-120.30M,,,,,,,,,,,,,,,,,,,,,,,,,,,,,,,,,,,,,,,,,,,,,,,,,,,,,,,,,,,,,,,,,,,,,,,,,,,,,,,,,,,,,,,,,,,,,,,,,,
Other Operating Expenses,73.00M,75.00M,65.00M,72.00M,74.00M,77.00M,69.00M,71.00M,67.00M,74.00M,65.00M,68.00M,67.73M,63.91M,55.92M,57.44M,59.28M,57.31M,54.14M,183.27M,78.22M,75.17M,70.83M,77.55M,68.44M,67.81M,60.44M,64.03M,69.28M,68.92M,58.62M,63.71M,,,,,,,,,,466.46M,472.40M,471.89M,,422.56M,490.12M,1.311B,521.04M,455.45M,444.34M,1.214B,,,621.97M,1.299B,1.248B,536.90M,684.11M,1.087B,1.015B,498.13M,595.73M,1.007B,834.77M,550.04M,623.03M,919.23M,-3.379B,3.644B,1.022B,2.158B,-649.88M,1.098B,2.118B,2.650B,658.68M,693.65M,1.241B,128.69M,1.237B,125.40M,171.53M,139.20M,1.143B,128.10M,145.80M,132.50M,,,161.30M,132.60M,127.70M,109.80M,118.90M,130.70M,120.30M,110.50M,116.00M,104.00M,126.40M,104.90M,104.20M,105.80M,,,,,,,,,,,,,,,,,,,,,,,,,,,,,,,,,,,,,,,,
Total Operating Expenses,659.00M,659.00M,646.00M,655.00M,656.00M,652.00M,583.00M,599.00M,575.00M,580.00M,567.00M,576.00M,528.13M,510.76M,517.84M,523.28M,480.44M,459.83M,458.70M,595.04M,449.78M,448.94M,444.86M,450.00M,427.26M,403.98M,407.84M,428.30M,405.47M,410.65M,385.95M,400.80M,-1.210B,935.59M,919.42M,906.62M,-1.128B,873.96M,864.70M,826.51M,831.83M,790.76M,789.24M,802.87M,737.23M,729.42M,766.46M,1.610B,795.73M,713.14M,725.27M,1.506B,,,896.96M,1.581B,1.507B,800.24M,949.42M,1.354B,1.264B,748.26M,841.30M,1.262B,1.021B,821.27M,910.59M,1.191B,-3.343B,3.995B,1.367B,2.502B,-518.46M,1.396B,2.427B,2.958B,946.92M,984.79M,1.528B,357.32M,1.548B,396.50M,350.00M,339.04M,1.411B,396.90M,364.00M,360.60M,,,375.20M,362.40M,189.30M,362.10M,340.90M,357.60M,211.50M,365.60M,332.10M,338.90M,208.30M,340.10M,322.20M,343.40M,,,,,,,,,,,,,,,,,,,,,,,,,,,,,,,,,,,,,,,,
Operating Income,450.00M,758.00M,410.00M,486.00M,339.00M,696.00M,450.00M,480.00M,442.00M,823.00M,465.00M,491.00M,494.06M,825.91M,430.66M,489.37M,438.08M,786.50M,422.62M,348.80M,388.99M,665.26M,394.77M,492.18M,323.22M,662.73M,400.83M,452.48M,314.93M,718.39M,404.63M,377.36M,339.22M,651.50M,359.44M,426.66M,315.84M,568.63M,325.30M,403.66M,353.26M,465.15M,279.37M,370.80M,352.84M,447.99M,259.84M,330.12M,285.79M,495.77M,290.55M,278.13M,-6.197B,2.412B,225.70M,312.75M,250.56M,364.72M,202.24M,275.02M,217.35M,337.83M,198.78M,321.24M,277.88M,365.89M,162.53M,292.32M,2.703B,-2.141B,314.39M,327.92M,-335.80M,637.59M,433.25M,469.79M,179.13M,405.28M,370.46M,111.73M,852.00M,122.50M,53.47M,123.94M,830.53M,134.90M,65.20M,79.10M,-1.557B,697.40M,36.50M,88.50M,262.00M,105.50M,70.90M,89.30M,225.70M,111.70M,68.20M,87.80M,197.20M,89.00M,65.70M,85.70M,630.00M,588.00M,545.30M,640.80M,572.00M,523.40M,500.30M,563.80M,533.50M,589.20M,501.50M,577.00M,431.20M,554.90M,494.80M,583.60M,499.60M,483.00M,446.50M,560.60M,484.00M,530.30M,442.80M,549.40M,428.80M,470.30M,398.70M,472.50M,421.10M,432.70M,387.20M,540.60M,465.80M,389.90M,386.90M,546.20M,444.10M,413.30M,393.30M,524.90M
Non-Operating Interest Income,,,,,,,,,,6.00M,2.00M,4.00M,,1.385M,0.984M,4.07M,1.061M,0.312M,0.389M,4.238M,1.029M,1.139M,1.292M,3.893M,0.728M,1.304M,1.505M,4.806M,2.004M,1.82M,0.881M,5.622M,2.411M,1.974M,1.481M,4.773M,2.849M,4.88M,1.243M,2.051M,6.153M,2.709M,3.14M,2.926M,7.509M,9.854M,,,,,,,,,,,,,,,,,,,,,,,,,,,,,,,,,,,,,,,,,,,,,,,,,,,,,,,,,,,,,,,,,,,,,,,,,,,,,,,,,,,,,,,,,,,,,,,,,,
Non-Operating Interest Expense,178.00M,186.00M,173.00M,173.00M,157.00M,158.00M,158.00M,154.00M,149.00M,151.00M,150.00M,153.00M,148.95M,152.26M,149.67M,144.12M,140.43M,139.28M,132.20M,133.10M,130.26M,127.53M,123.67M,123.75M,127.37M,129.14M,124.31M,125.06M,127.54M,137.27M,138.20M,139.14M,121.97M,141.71M,146.34M,144.35M,97.85M,144.85M,134.88M,143.83M,131.08M,129.75M,129.45M,141.80M,136.96M,130.15M,,,,,,,,,,,,,,,,,,,,,,,,,,,,,,,,,,,,,,,,,,,,,,,,,,,,,,,,,,,,,,,,,,,,,,,,,,,,,,,,,,,,,,,,,,,,,,,,,,
Net Non-Operating Interest Income Expense,-185.00M,-192.00M,-179.00M,-179.00M,-164.00M,-164.00M,-164.00M,-160.00M,-167.00M,-151.00M,-154.00M,-155.00M,-161.36M,-156.94M,-155.31M,-146.38M,-145.55M,-145.22M,-137.67M,-134.56M,-135.07M,-132.13M,-128.00M,-125.65M,-132.72M,-133.86M,-135.03M,-126.07M,-131.49M,-141.46M,-143.36M,-139.60M,-143.58M,-139.74M,-144.86M,-139.58M,-115.64M,-139.97M,-133.64M,-141.78M,-124.93M,-127.04M,-126.31M,-138.88M,-129.45M,-120.30M,,,,,,,,,,,,,,,,,,,,,,,,,,,,,,,,,,,,,,,,,,,,,,,,,,,,,,,,,,,,,,,,,,,,,,,,,,,,,,,,,,,,,,,,,,,,,,,,,,
Other Income and Expenses,34.00M,33.00M,31.00M,33.00M,33.00M,32.00M,33.00M,30.00M,32.00M,25.00M,18.00M,20.00M,3.941M,27.24M,25.84M,26.98M,26.52M,24.21M,21.86M,21.40M,30.24M,31.42M,32.65M,30.46M,32.85M,29.24M,29.95M,28.59M,26.84M,24.06M,23.60M,21.52M,23.58M,19.84M,28.62M,28.39M,7.971M,52.03M,20.82M,11.88M,129.24M,-13.28M,-0.121M,31.02M,27.24M,16.20M,24.54M,2.025M,7.953M,0.122M,-8.529M,1.666M,,,0.802M,1.118M,6.445M,-0.288M,9.984M,0.242M,9.387M,1.942M,13.38M,14.56M,-17.25M,17.44M,2.135M,-3.918M,,,,,,,,40.00M,193.81M,-5.027M,55.55M,49.61M,77.22M,51.50M,17.38M,-12.36M,116.98M,-7.30M,1.20M,5.10M,,,-1.60M,-3.70M,-5.30M,-0.30M,-5.00M,-3.40M,-18.40M,-2.20M,-6.10M,2.00M,-10.20M,5.30M,-2.00M,3.20M,,,,,,,,,,,,,,,,,,,,,,,,,,,,,,,,,,,,,,,,
Net Interest Income,-185.00M,-192.00M,-179.00M,-179.00M,-164.00M,-164.00M,-164.00M,-160.00M,-167.00M,-151.00M,-154.00M,-155.00M,-161.36M,-156.94M,-155.31M,-146.38M,-145.55M,-145.22M,-137.67M,-134.56M,-135.07M,-132.13M,-128.00M,-125.65M,-132.72M,-133.86M,-135.03M,-126.07M,-131.49M,-141.46M,-143.36M,-139.60M,-143.58M,-139.74M,-144.86M,-139.58M,-115.64M,-139.97M,-133.64M,-141.78M,-124.93M,-127.04M,-126.31M,-138.88M,-129.45M,-120.30M,,,,,,,,,,,,,,,,,,,,,,,,,,,,,,,,,,,,,,,,,,,,,,,,,,,,,,,,,,,,,,,,,,,,,,,,,,,,,,,,,,,,,,,,,,,,,,,,,,
Pre-Tax Income,299.00M,599.00M,262.00M,340.00M,208.00M,564.00M,319.00M,350.00M,307.00M,697.00M,329.00M,356.00M,336.64M,696.21M,301.19M,369.96M,319.05M,665.49M,306.81M,235.65M,284.16M,564.55M,299.42M,396.99M,223.36M,558.10M,295.75M,355.00M,210.28M,600.99M,284.88M,259.28M,219.22M,531.60M,243.20M,315.47M,208.17M,478.69M,212.49M,289.24M,261.58M,357.40M,174.91M,262.94M,250.63M,343.90M,160.58M,230.58M,130.58M,382.29M,178.08M,166.42M,,,125.32M,203.15M,142.26M,258.45M,102.36M,169.32M,121.57M,239.67M,101.46M,221.54M,157.74M,279.57M,53.49M,186.44M,2.854B,-2.307B,122.90M,136.78M,-76.12M,406.95M,237.66M,315.59M,199.95M,195.65M,236.98M,70.27M,631.21M,107.60M,17.02M,72.47M,714.82M,83.70M,23.20M,43.10M,,,1.50M,59.40M,237.80M,80.20M,40.20M,63.20M,,,68.60M,69.10M,,,,,,,,,,,,,,,,,,,,,,,,,,,,,,,,,,,,,,,,,,,,
Provision for Income Taxes,7.00M,72.00M,24.00M,25.00M,-6.00M,73.00M,54.00M,59.00M,118.00M,205.00M,102.00M,117.00M,109.54M,238.41M,104.40M,128.65M,110.51M,239.03M,109.88M,83.58M,87.82M,195.97M,104.26M,135.77M,73.30M,193.35M,98.89M,118.43M,70.04M,202.84M,101.80M,75.52M,78.48M,193.30M,84.53M,112.00M,71.67M,166.20M,76.87M,121.90M,90.73M,135.61M,57.85M,87.12M,85.92M,121.55M,55.11M,76.58M,39.31M,135.94M,62.28M,47.91M,,,27.23M,53.34M,43.30M,60.63M,24.68M,44.86M,-0.64M,73.97M,15.94M,72.41M,7.829M,94.92M,-1.172M,60.48M,854.86M,-679.84M,37.28M,33.28M,-20.23M,148.13M,70.16M,106.28M,62.15M,97.73M,80.24M,22.27M,235.37M,-3.70M,5.53M,20.15M,284.29M,-18.00M,-11.80M,-14.00M,,,-16.80M,-6.40M,158.10M,-4.00M,-3.20M,-4.00M,,,8.80M,0.90M,,,,,,,,,,,,,,,,,,,,,,,,,,,,,,,,,,,,,,,,,,,,
Income from Continuing Operations,292.00M,527.00M,238.00M,315.00M,214.00M,491.00M,265.00M,291.00M,189.00M,492.00M,227.00M,239.00M,227.10M,457.80M,196.80M,241.31M,208.54M,426.46M,196.93M,152.07M,196.34M,368.58M,195.16M,261.22M,150.06M,364.75M,196.86M,236.57M,140.24M,398.15M,183.08M,183.77M,140.74M,338.30M,158.67M,203.47M,136.50M,312.49M,135.62M,167.34M,170.85M,221.79M,117.06M,175.82M,163.56M,222.70M,105.47M,153.99M,91.27M,246.34M,115.80M,118.51M,96.76M,224.18M,98.09M,149.81M,98.96M,197.82M,77.68M,124.46M,122.21M,165.70M,85.51M,149.13M,149.91M,184.65M,54.66M,125.97M,1.999B,-1.627B,85.62M,103.50M,-55.89M,258.82M,167.50M,209.31M,137.80M,97.92M,156.74M,48.00M,395.83M,111.30M,11.49M,52.32M,430.53M,101.70M,35.00M,57.10M,65.40M,87.90M,18.30M,65.80M,79.70M,84.20M,43.40M,67.20M,59.00M,88.80M,59.80M,68.20M,48.80M,76.10M,52.80M,65.80M,61.50M,59.90M,35.90M,54.50M,29.80M,55.70M,31.10M,44.30M,37.00M,89.40M,24.60M,55.90M,-6.30M,84.80M,48.50M,65.90M,40.80M,73.30M,36.90M,71.00M,22.30M,84.60M,44.00M,63.90M,28.80M,78.00M,35.10M,63.00M,40.20M,63.10M,30.20M,73.40M,43.40M,49.10M,39.60M,65.80M,31.10M,51.70M,43.10M,66.20M
Income from Discontinued Operations,,,,,,,,,,,,,,,,,,,,,,,,,,,,,,-0.041M,-0.015M,0.124M,,0.037M,0.091M,0.102M,0.131M,-0.182M,4.151M,-0.222M,-1.964M,-0.965M,0.043M,-1.751M,0.518M,0.094M,0.099M,-0.887M,38.65M,5.369M,-48.10M,1.197M,0.961M,0.287M,0.186M,1.486M,13.10M,-1.798M,5.73M,-2.985M,-49.18M,-118.98M,0.792M,0.779M,327.53M,102.85M,-337.22M,14.05M,-2.204B,-577.00M,1.685M,,188.96M,14.08M,0.353M,,,,,,,,,,,,,,,,,,,,,,,,,,,,,,,,,,,,,,0.00,,,17.00M,,,,,,,,,,,,,,,,,,,,,,,,,,,,
"Extraordinary Items, Income Statement",,,,,,,,,,,,,,,,,,,,,,,,,,,,,,,,,,,,,,,,,,,,,,,,,,,,,,,,,,,,,,,,,,,,,,,,,,,,,,-5.302M,,,,,,,,,,,,,,,,,,,,,,,,,,,,,,,0.00,,,45.50M,,,,,,,,,,,,,,,,,,,,,,,,,,,,,,,,
Income Attributable to Minority Interest,,,,,,,,,,,,,,,,,,,,,,,,,,,,,,,,,,,,,,,,,,,,,,,,0.248M,0.127M,0.225M,0.113M,0.134M,,,0.253M,,,0.171M,,,,-0.196M,,,,-2.621M,-9.566M,,,,6.788M,3.872M,,-37.21M,-9.794M,-8.652M,-11.74M,-19.02M,-7.929M,,,,,,,,,,,,4.80M,7.20M,12.60M,6.30M,6.10M,6.00M,31.00M,9.60M,35.90M,8.80M,20.80M,8.10M,12.90M,-0.10M,,,,,,,,,,,,,,,,,,,,,,,,,,,,,,,,,,,,,,,,
Preferred Stock Dividend,,,,,,,,,,,,,,,,,,,,,,,,,,,,,,,,,-3.26M,4.674M,1.06M,1.06M,1.061M,1.06M,1.06M,1.06M,1.061M,1.06M,1.06M,1.06M,1.061M,1.06M,1.06M,1.06M,1.061M,1.06M,1.06M,1.06M,,,1.06M,1.06M,1.061M,1.06M,1.06M,1.06M,1.061M,1.06M,1.06M,1.06M,1.061M,1.06M,1.06M,1.06M,1.061M,1.06M,1.06M,1.06M,1.061M,1.06M,1.06M,1.06M,1.06M,1.06M,1.06M,1.06M,1.092M,1.10M,2.11M,1.06M,1.048M,1.10M,1.10M,2.40M,,,2.40M,4.00M,3.00M,3.10M,3.10M,3.10M,3.00M,3.10M,3.10M,3.20M,3.20M,3.10M,3.10M,3.10M,,,,,,,,,,,,,,,,,,,,,,,,,,,,,,,,,,,,,,,,
Net Income,292.00M,527.00M,238.00M,315.00M,214.00M,491.00M,265.00M,291.00M,189.00M,492.00M,227.00M,239.00M,227.10M,457.80M,196.80M,241.31M,208.54M,426.46M,196.93M,152.07M,196.34M,368.58M,195.16M,261.22M,150.06M,364.75M,196.86M,236.57M,140.17M,398.11M,183.06M,183.89M,140.51M,338.33M,158.76M,203.57M,136.63M,312.31M,139.78M,167.12M,168.88M,220.83M,117.11M,174.07M,164.08M,222.79M,105.57M,153.11M,129.92M,251.71M,67.70M,119.71M,97.72M,224.46M,98.28M,151.30M,112.07M,196.02M,83.41M,121.48M,73.02M,46.72M,86.31M,149.91M,477.45M,287.50M,-282.56M,140.01M,-204.76M,-2.204B,87.30M,103.50M,144.90M,272.90M,167.86M,209.31M,137.80M,92.61M,143.08M,48.00M,395.83M,111.30M,11.49M,52.32M,430.53M,101.70M,35.00M,57.10M,65.40M,87.90M,18.30M,65.80M,79.70M,84.20M,43.40M,67.20M,59.00M,88.80M,59.80M,68.20M,48.80M,76.10M,52.80M,65.80M,61.50M,59.90M,35.90M,54.50M,29.80M,55.70M,31.10M,89.80M,37.00M,89.40M,24.60M,72.90M,-3.80M,84.80M,48.50M,65.90M,40.80M,73.30M,36.90M,71.00M,22.30M,84.60M,44.00M,63.90M,28.80M,78.00M,35.10M,63.00M,40.20M,63.10M,30.20M,73.40M,43.40M,49.10M,39.60M,65.80M,31.10M,51.70M,43.10M,66.20M
Normalized Income,270.52M,513.80M,219.84M,296.48M,192.83M,464.87M,243.39M,271.89M,176.07M,475.06M,215.96M,229.61M,217.01M,446.48M,187.18M,232.76M,198.56M,416.57M,188.82M,143.90M,181.90M,353.34M,179.77M,246.81M,133.57M,350.85M,182.44M,223.57M,128.01M,387.79M,173.31M,174.23M,132.74M,330.39M,145.01M,190.13M,137.29M,283.53M,127.03M,164.43M,95.52M,232.74M,119.32M,157.18M,148.00M,212.22M,89.36M,152.64M,85.71M,246.27M,121.34M,117.33M,96.76M,224.18M,97.46M,148.99M,94.48M,198.04M,70.10M,124.29M,116.58M,164.35M,74.24M,139.33M,166.31M,173.13M,53.38M,128.61M,1.999B,-1.627B,85.62M,103.50M,-55.89M,258.82M,167.50M,182.78M,4.231M,100.93M,120.00M,14.11M,347.41M,80.40M,-0.2424M,61.25M,360.07M,106.08M,34.28M,54.04M,65.40M,87.90M,19.26M,68.02M,82.88M,84.38M,46.40M,69.24M,70.04M,90.12M,65.12M,66.23M,54.92M,72.92M,54.00M,63.88M,61.50M,59.90M,35.90M,54.50M,29.80M,55.70M,31.10M,44.30M,37.00M,89.40M,24.60M,55.90M,-6.30M,84.80M,48.50M,65.90M,,,,,,,,,,,,,,,,,,,,,,,,
EBITDA,960.00M,1.267B,905.00M,982.00M,841.00M,1.196B,890.00M,922.00M,864.00M,1.253B,875.00M,909.00M,849.43M,1.212B,809.95M,863.59M,784.49M,1.123B,739.03M,674.60M,703.49M,983.69M,714.27M,799.95M,633.58M,947.17M,696.68M,760.59M,597.37M,1.011B,677.86M,657.52M,565.72M,951.79M,641.52M,714.59M,557.34M,878.40M,582.28M,669.53M,626.28M,711.68M,529.52M,637.14M,593.46M,716.66M,502.97M,567.83M,510.16M,708.61M,522.14M,509.99M,-5.973B,2.643B,446.97M,531.67M,460.49M,566.77M,400.53M,480.53M,418.03M,533.84M,385.07M,508.40M,477.47M,585.16M,368.73M,499.23M,2.731B,-1.877B,595.63M,593.06M,-98.84M,899.15M,677.03M,702.10M,416.15M,620.56M,658.86M,244.40M,1.260B,243.64M,165.89M,235.58M,1.141B,243.50M,170.10M,182.90M,-1.557B,697.40M,135.30M,185.30M,361.10M,202.60M,164.90M,180.50M,319.90M,206.70M,158.80M,180.10M,285.70M,178.20M,151.70M,172.00M,630.00M,588.00M,545.30M,640.80M,572.00M,523.40M,500.30M,563.80M,533.50M,589.20M,501.50M,577.00M,431.20M,554.90M,494.80M,583.60M,499.60M,483.00M,446.50M,560.60M,484.00M,530.30M,442.80M,549.40M,428.80M,470.30M,398.70M,472.50M,421.10M,432.70M,387.20M,540.60M,465.80M,389.90M,386.90M,546.20M,444.10M,413.30M,393.30M,524.90M
Reconciled Depreciation,483.00M,482.00M,470.00M,469.00M,476.00M,474.00M,413.00M,418.00M,408.00M,405.00M,396.00M,400.00M,363.84M,363.55M,359.09M,349.51M,325.01M,318.11M,300.02M,305.85M,289.07M,291.60M,291.18M,279.20M,282.86M,259.93M,276.62M,280.53M,259.55M,272.92M,254.78M,259.10M,224.53M,278.48M,251.98M,254.77M,251.32M,254.87M,234.91M,236.46M,233.62M,224.53M,225.16M,232.39M,184.21M,242.61M,243.14M,237.71M,224.38M,212.84M,231.59M,231.86M,223.33M,231.34M,221.26M,218.92M,209.94M,202.04M,198.30M,205.51M,200.68M,196.00M,186.29M,187.16M,199.59M,219.27M,191.66M,206.91M,27.71M,254.26M,281.25M,265.14M,236.96M,261.57M,243.78M,232.31M,237.02M,215.28M,288.40M,132.67M,408.38M,121.14M,112.42M,111.64M,,,,,,,,,,,,,,,,,,,,,,,,,,,,,,,,,,,,,,,,,,,,,,,,,,,,,,,,,,,,
EBIT,477.00M,785.00M,435.00M,513.00M,365.00M,722.00M,477.00M,504.00M,456.00M,848.00M,479.00M,509.00M,485.59M,848.47M,450.86M,514.08M,459.48M,804.77M,439.01M,368.74M,414.42M,692.08M,423.10M,520.75M,350.72M,687.25M,420.06M,480.07M,337.82M,738.26M,423.08M,398.43M,341.19M,673.31M,389.54M,459.82M,306.02M,623.54M,347.37M,433.07M,392.66M,487.15M,304.36M,404.75M,387.59M,474.05M,259.84M,330.12M,285.79M,495.77M,290.55M,278.13M,-6.197B,2.412B,225.70M,312.75M,250.56M,364.72M,202.24M,275.02M,217.35M,337.83M,198.78M,321.24M,277.88M,365.89M,162.53M,292.32M,2.703B,-2.141B,314.39M,327.92M,-335.80M,637.59M,433.25M,469.79M,179.13M,405.28M,370.46M,111.73M,852.00M,122.50M,53.47M,123.94M,830.53M,134.90M,65.20M,79.10M,-1.557B,697.40M,36.50M,88.50M,262.00M,105.50M,70.90M,89.30M,225.70M,111.70M,68.20M,87.80M,197.20M,89.00M,65.70M,85.70M,630.00M,588.00M,545.30M,640.80M,572.00M,523.40M,500.30M,563.80M,533.50M,589.20M,501.50M,577.00M,431.20M,554.90M,494.80M,583.60M,499.60M,483.00M,446.50M,560.60M,484.00M,530.30M,442.80M,549.40M,428.80M,470.30M,398.70M,472.50M,421.10M,432.70M,387.20M,540.60M,465.80M,389.90M,386.90M,546.20M,444.10M,413.30M,393.30M,524.90M
EPS Basic from Continuing Operations,0.56,1.02,0.46,0.61,0.42,0.96,0.52,0.57,0.37,0.97,0.45,0.47,0.45,0.90,0.39,0.47,0.41,0.84,0.39,0.30,0.39,0.73,0.39,0.52,0.30,0.73,0.40,0.48,0.2871,0.8157,0.3754,0.3771,0.29,0.69,0.33,0.42,0.29,0.68,0.29,0.36,0.37,0.48,0.25,0.38,0.36,0.51,0.24,0.35,0.22,0.58,0.16,0.29,0.27,0.52,0.24,0.37,0.24,0.49,0.19,0.31,0.31,0.41,0.21,0.37,0.37,0.46,0.14,0.31,5.28,-4.10,0.23,0.29,-0.12,0.75,0.49,0.61,-0.29,0.29,0.46,0.30,2.557,0.72,0.06,0.34,2.813,0.67,0.23,0.37,0.43,0.62,0.12,0.45,0.55,0.59,0.30,0.47,0.41,0.64,0.42,0.49,0.34,0.55,0.37,0.47,0.44,0.42,0.25,0.41,0.21,0.42,0.22,0.32,0.26,0.68,0.16,0.41,-0.09,0.64,0.35,0.49,,0.55,0.26,0.53,,0.64,0.32,0.48,,0.59,0.25,0.48,,0.48,0.22,0.56,,0.37,0.30,0.51,,0.39,0.33,0.52
EPS Basic from Discontinued Operations,,,,,,,,,,,,,,,,,,,,,,,,,,,,,-0.0001,-0.0001,-0.0000,0.0003,0.00,0.00,0.00,0.00,0.00,0.00,0.01,0.00,-0.01,0.00,0.00,0.00,0.00,0.00,0.00,0.00,0.09,0.02,0.00,0.00,-0.03,0.03,0.00,0.00,0.03,-0.01,0.01,-0.01,-0.13,-0.30,0.00,0.00,0.82,0.26,-0.85,0.04,-5.75,-1.45,0.00,0.00,0.54,0.04,0.00,0.00,0.69,-0.02,-0.04,0.00,,0.00,0.00,0.00,,0.00,0.00,0.00,0.00,0.00,0.00,0.00,0.00,0.00,0.00,0.00,0.00,0.00,0.00,0.00,0.00,0.00,0.00,0.00,0.00,0.00,0.00,0.00,0.00,0.00,0.00,0.37,0.00,0.00,0.00,0.14,0.02,0.00,0.00,0.00,,0.00,0.00,0.00,,0.00,0.00,0.00,,0.00,0.00,0.00,,0.00,0.00,0.00,,0.00,0.00,0.00,,0.00,0.00,0.00
EPS Basic from Extraordinaries,,,,,,,,,,,,,,,,,,,,,,,,,,,,,,,,,,,,,,,,,,,,,,,,,,,,,,,,,,,,,,,,,,,,,,,,,,,,,,0.00,,,,,,,,,,,,,,,,,,,,,,,,,,,,,,,0.00,,,0.00,,,,,,,,,,,,,,,,,,,,,,,,,,,,,,,,
EPS Basic from Tax Loss Carryforward,,,,,,,,,,,,,,,,,,,,,,,,,,,,,,,,,,,,,,,,,,,,,,,,,,,,,,,,,,,,,,,,,,,,,,,,,,,,,,,-0.0405,,,,,,,,,,,,,,,,,,,,,,,,,,,,,,,,,,,,,,,,,,,,,,,,,,,,,,,,,,,,,,,,,
Normalized Basic EPS,0.5191,0.9946,0.4248,0.5740,0.3788,0.9088,0.4776,0.5324,0.3447,0.9367,0.4283,0.4515,0.4302,0.8778,0.3711,0.4532,0.3904,0.8205,0.3740,0.2839,0.3615,0.6999,0.3594,0.4911,0.2669,0.7021,0.3710,0.4535,0.2620,0.7945,0.3553,0.3575,0.2735,0.6737,0.3018,0.3924,0.2917,0.6171,0.2713,0.3537,0.2053,0.5040,0.2550,0.3390,0.3257,0.4859,0.2026,0.3469,0.2069,0.5798,0.1734,0.2871,0.27,0.52,0.2385,0.3680,0.2289,0.4905,0.1712,0.3096,0.2959,0.4066,0.1818,0.3454,0.4111,0.4311,0.1368,0.3166,5.28,-4.10,0.23,0.29,-0.12,0.75,0.49,0.5322,-0.6835,0.2989,0.3511,0.0826,2.244,0.5181,-0.0167,0.3986,2.351,0.6992,0.2251,0.3493,0.43,0.62,0.1272,0.4662,0.5727,0.5913,0.3223,0.4850,0.4911,0.6499,0.4594,0.4751,0.3857,0.5260,0.3789,0.4556,0.44,0.42,0.25,0.41,0.21,0.42,0.22,0.32,0.26,0.68,0.16,0.41,-0.09,0.64,0.35,0.49,,0.55,0.26,0.53,,0.64,0.32,0.48,,0.59,0.25,0.48,,0.48,0.22,0.56,,0.37,0.30,0.51,,0.39,0.33,0.52
EPS Basic,0.56,1.02,0.46,0.61,0.42,0.96,0.52,0.57,0.37,0.97,0.45,0.47,0.45,0.90,0.39,0.47,0.41,0.84,0.39,0.30,0.39,0.73,0.39,0.52,0.30,0.73,0.40,0.48,0.29,0.82,0.38,0.38,0.29,0.69,0.33,0.42,0.29,0.68,0.30,0.36,0.36,0.48,0.25,0.38,0.36,0.51,0.24,0.35,0.31,0.60,0.16,0.29,0.24,0.55,0.24,0.37,0.27,0.48,0.20,0.30,0.18,0.11,0.21,0.37,1.19,0.72,-0.71,0.35,-0.47,-5.55,0.23,0.29,0.42,0.79,0.49,0.61,0.40,0.27,0.42,0.30,2.557,0.72,0.06,0.34,2.813,0.67,0.23,0.37,0.43,0.62,0.12,0.45,0.55,0.59,0.30,0.47,0.41,0.64,0.42,0.49,0.34,0.55,0.37,0.47,0.44,0.42,0.25,0.41,0.21,0.42,0.22,0.69,0.26,0.68,0.16,0.55,-0.07,0.64,0.35,0.49,,0.55,0.26,0.53,,0.64,0.32,0.48,,0.59,0.25,0.48,,0.48,0.22,0.56,,0.37,0.30,0.51,,0.39,0.33,0.52
EPS Diluted from Continuing Operations,0.56,1.01,0.46,0.61,0.42,0.96,0.52,0.57,0.37,0.97,0.45,0.47,0.45,0.90,0.39,0.47,0.41,0.84,0.39,0.30,0.39,0.73,0.39,0.52,0.30,0.73,0.40,0.48,0.2866,0.8149,0.3751,0.3766,0.29,0.69,0.33,0.42,0.28,0.67,0.29,0.36,0.37,0.48,0.25,0.38,0.36,0.51,0.24,0.35,0.22,0.57,0.16,0.28,0.27,0.50,0.24,0.36,0.24,0.47,0.19,0.30,0.29,0.40,0.21,0.36,0.35,0.44,0.13,0.31,5.28,-4.10,0.23,0.29,-0.12,0.75,0.49,0.6099,-0.29,0.2858,0.46,0.30,2.557,0.72,0.06,0.34,2.813,0.67,0.23,0.37,0.43,0.62,0.12,0.45,0.55,0.59,0.30,0.47,0.41,0.64,0.42,0.49,0.34,0.55,0.37,0.47,0.43,0.42,0.25,0.41,0.21,0.42,0.22,0.32,0.26,0.68,0.16,0.41,-0.09,0.64,0.35,0.49,,0.55,0.26,0.53,,0.64,0.32,0.48,,0.59,0.25,0.48,,0.48,0.22,0.56,,0.37,0.30,0.51,,0.39,0.33,0.52
EPS Diluted from Discontinued Operations,,,,,,,,,,,,,,,,,,,,,,,,,,,,,-0.0001,-0.0001,-0.0000,0.0003,0.00,0.00,0.00,0.00,0.00,0.00,0.01,0.00,-0.01,0.00,0.00,0.00,0.00,0.00,0.00,0.00,0.09,0.01,0.00,0.00,-0.03,0.03,0.00,0.00,0.03,-0.01,0.01,-0.01,-0.13,-0.30,0.00,0.00,0.81,0.25,-0.85,0.03,-5.75,-1.45,0.00,0.00,-0.04,0.04,0.00,0.00,0.06,-0.02,-0.04,0.00,,0.00,0.00,0.00,,0.00,0.00,0.00,0.00,0.00,0.00,0.00,0.00,0.00,0.00,0.00,0.00,0.00,0.00,0.00,0.00,0.00,0.00,0.00,0.00,0.00,0.00,0.00,0.00,0.00,0.00,0.37,0.00,0.00,0.00,0.14,0.02,0.00,0.00,0.00,,0.00,0.00,0.00,,0.00,0.00,0.00,,0.00,0.00,0.00,,0.00,0.00,0.00,,0.00,0.00,0.00,,0.00,0.00,0.00
EPS Diluted from Extraordinaries,,,,,,,,,,,,,,,,,,,,,,,,,,,,,,,,,,,,,,,,,,,,,,,,,,,,,,,,,,,,,,,,,,,,,,,,,,,,,,-0.0157,,,,,,,,,,,,,,,,,,,,,,,,,,,,,,,0.0002,,,0.3676,,,,,,,,,,,,,,,,,,,,,,,,,,,,,,,,
EPS Diluted from Tax Loss Carryforward,,,,,,,,,,,,,,,,,,,,,,,,,,,,,,,,,,,,,,,,,,,,,,,,,,,,,,,,,,,,,,,,,,,,,,,,,,,,,,,-0.0405,,,,,,,,,,,,,,,,,,,,,,,,,,,,,,,,,,,,,,,,,,,,,,,,,,,,,,,,,,,,,,,,,
Normalized Diluted EPS,0.5192,0.9847,0.4249,0.5741,0.3788,0.9089,0.4776,0.5324,0.3447,0.9367,0.4283,0.4515,0.4302,0.8778,0.3711,0.4532,0.3904,0.8206,0.3740,0.2839,0.3615,0.6999,0.3594,0.4912,0.2670,0.7021,0.3711,0.4535,0.2616,0.7937,0.3551,0.3570,0.2736,0.6737,0.3018,0.3925,0.2817,0.6073,0.2713,0.3537,0.2056,0.5039,0.2549,0.3391,0.3260,0.4862,0.2030,0.3469,0.2072,0.5698,0.1728,0.2773,0.27,0.50,0.2385,0.3581,0.2295,0.4705,0.1722,0.2996,0.2768,0.3968,0.1833,0.3368,0.3888,0.4125,0.1268,0.3163,5.28,-4.10,0.23,0.29,-0.12,0.75,0.49,0.5322,-0.6835,0.2947,0.3512,0.0826,2.244,0.5181,-0.0166,0.3985,2.351,0.6992,0.2251,0.3493,0.43,0.62,0.1272,0.4662,0.5727,0.5913,0.3223,0.4850,0.4911,0.6499,0.4594,0.4751,0.3857,0.5260,0.3789,0.4556,0.43,0.42,0.25,0.41,0.21,0.42,0.22,0.32,0.26,0.68,0.16,0.41,-0.09,0.64,0.35,0.49,,0.55,0.26,0.53,,0.64,0.32,0.48,,0.59,0.25,0.48,,0.48,0.22,0.56,,0.37,0.30,0.51,,0.39,0.33,0.52
EPS Diluted,0.56,1.01,0.46,0.61,0.42,0.96,0.52,0.57,0.37,0.97,0.45,0.47,0.45,0.90,0.39,0.47,0.41,0.84,0.39,0.30,0.39,0.73,0.39,0.52,0.30,0.73,0.40,0.48,0.29,0.81,0.38,0.38,0.29,0.69,0.33,0.42,0.28,0.67,0.30,0.36,0.36,0.48,0.25,0.38,0.36,0.51,0.24,0.35,0.30,0.58,0.16,0.28,0.24,0.53,0.24,0.36,0.27,0.47,0.20,0.29,0.18,0.11,0.21,0.36,1.14,0.69,-0.71,0.34,-0.47,-5.55,0.23,0.29,0.41,0.79,0.49,0.6099,0.40,0.27,0.42,0.30,2.557,0.72,0.06,0.34,2.813,0.67,0.23,0.37,0.43,0.62,0.12,0.45,0.55,0.59,0.30,0.47,0.41,0.64,0.42,0.49,0.34,0.55,0.37,0.47,0.43,0.42,0.25,0.41,0.21,0.42,0.22,0.69,0.26,0.68,0.16,0.55,-0.07,0.64,0.35,0.49,,0.55,0.26,0.53,,0.64,0.32,0.48,,0.59,0.25,0.48,,0.48,0.22,0.56,,0.37,0.30,0.51,,0.39,0.33,0.52
Average Basic Shares Outstanding,525.00M,519.00M,516.00M,515.00M,514.00M,510.00M,510.00M,509.00M,512.00M,509.00M,509.00M,508.00M,509.48M,508.94M,508.93M,508.67M,509.24M,508.03M,507.71M,506.98M,506.44M,506.08M,503.27M,499.52M,498.52M,498.15M,497.75M,489.78M,488.43M,488.08M,487.72M,487.36M,486.24M,485.34M,484.92M,483.64M,468.76M,460.47M,460.04M,458.92M,457.45M,456.77M,456.31M,455.19M,453.68M,434.13M,430.81M,429.56M,423.89M,419.82M,412.71M,408.00M,407.05M,406.12M,405.43M,404.12M,403.24M,402.74M,402.21M,401.12M,400.27M,399.75M,399.22M,398.58M,398.88M,398.75M,398.72M,398.71M,397.61M,397.40M,377.98M,353.83M,344.67M,343.77M,342.55M,340.78M,339.47M,338.50M,337.47M,155.89M,154.36M,153.06M,153.01M,152.39M,152.70M,150.15M,147.39M,147.84M,147.07M,137.90M,132.50M,137.33M,140.02M,137.46M,134.33M,136.38M,136.13M,133.91M,135.00M,132.65M,133.98M,132.73M,134.32M,133.40M,132.85M,133.81M,128.80M,123.66M,124.07M,123.33M,122.73M,123.77M,124.93M,124.85M,125.62M,124.36M,125.54M,125.47M,125.43M,125.51M,125.08M,125.08M,125.08M,125.08M,125.08M,125.08M,125.08M,125.08M,125.08M,125.08M,125.08M,125.08M,124.64M,125.08M,125.08M,125.08M,125.08M,124.78M,124.20M,123.90M,123.90M,123.62M,123.62M,123.62M
Average Diluted Shares Outstanding,526.00M,521.00M,518.00M,516.00M,514.00M,511.00M,510.00M,509.00M,512.00M,509.00M,509.00M,509.00M,509.48M,509.57M,509.49M,509.15M,509.24M,508.43M,508.07M,507.39M,506.83M,506.36M,503.46M,499.75M,498.83M,498.64M,498.04M,490.53M,489.14M,488.58M,488.02M,488.00M,487.00M,485.89M,485.24M,484.30M,471.40M,462.02M,460.43M,459.70M,458.37M,457.45M,456.77M,455.95M,457.10M,439.40M,435.87M,434.85M,434.09M,433.39M,432.86M,432.05M,431.14M,430.00M,429.10M,427.46M,426.58M,426.08M,425.55M,424.45M,425.78M,423.08M,422.54M,421.92M,422.25M,418.13M,399.41M,417.37M,410.85M,397.40M,378.13M,354.17M,345.40M,344.38M,343.69M,341.47M,339.47M,338.88M,337.63M,155.91M,154.36M,153.06M,153.12M,152.55M,152.70M,150.15M,147.39M,147.84M,147.07M,137.90M,132.50M,137.33M,140.02M,137.46M,134.33M,136.38M,136.13M,133.91M,135.00M,132.65M,133.98M,132.73M,134.32M,133.40M,136.29M,133.81M,128.80M,123.66M,124.07M,123.33M,122.73M,123.77M,124.93M,124.85M,125.62M,124.36M,125.54M,125.47M,125.43M,125.51M,125.08M,125.08M,125.08M,125.08M,125.08M,125.08M,125.08M,125.08M,125.08M,125.08M,125.08M,125.08M,124.64M,125.08M,125.08M,125.08M,125.08M,124.78M,124.20M,123.90M,123.90M,123.62M,123.62M,123.62M
Dividend Per Share,0.405,0.405,0.405,0.405,0.38,0.38,0.38,0.38,0.36,0.36,0.36,0.36,0.34,0.34,0.34,0.34,0.32,0.32,0.32,0.32,0.30,0.30,0.30,0.30,0.28,0.28,0.28,0.27,0.27,0.27,0.27,0.26,0.26,0.26,0.26,0.2525,0.2525,0.2525,0.2525,0.245,0.245,0.245,0.245,0.2375,0.2375,0.2375,0.2375,0.23,0.23,0.23,0.23,0.2225,0.2225,0.2225,0.2225,0.215,0.215,0.215,0.215,0.2075,0.2075,0.2075,0.2075,0.1875,0.375,0.1875,0.1875,0.00,0.1875,0.1875,0.375,0.375,0.375,0.375,0.375,0.375,0.375,0.5853,0.3625,0.00,0.3625,0.3625,0.3625,0.3575,0.3575,0.3575,0.3575,0.3525,0.3525,0.3525,0.3525,0.345,0.345,0.69,0.3375,0.00,0.3375,0.3375,0.3375,0.33,0.33,0.33,0.33,0.3225,0.3225,0.3225,0.3225,0.315,0.315,0.315,0.315,0.3025,0.3025,0.3025,0.3025,0.29,0.29,0.29,0.29,0.2775,0.2775,0.2775,0.2775,0.265,0.265,0.265,0.265,0.2525,0.2525,0.2525,0.2525,0.2375,0.2375,0.2375,0.2375,0.22,0.22,,,,,,,
As Originally Reported,AOR,AOR,AOR,AOR,AOR,AOR,AOR,AOR,AOR,AOR,AOR,AOR,AOR,AOR,AOR,AOR,AOR,AOR,AOR,AOR,AOR,AOR,AOR,AOR,AOR,AOR,AOR,AOR,AOR,AOR,AOR,AOR,AOR,AOR,AOR,AOR,AOR,AOR,AOR,AOR,AOR,AOR,AOR,AOR,,,,,,,,,,,,,,,,,,,,,,,,,,,,,,,,,,,,,,,,,,,,,,,,,,,,,,,,,,,,,,,,,,,,,,,,,,,,,,,,,,,,,,,,,,,,,,,,,,,,
Restated,,,,,Restated,Restated,Restated,Restated,Restated,Restated,Restated,Restated,Restated,Restated,Restated,Restated,Restated,Restated,Restated,Restated,Restated,Restated,Restated,Restated,Restated,Restated,Restated,Restated,Restated,Restated,Restated,Restated,Restated,Restated,Restated,Restated,Restated,Restated,Restated,Restated,Restated,Restated,Restated,Restated,Restated,Restated,,,,,,,,,,,,,,,,,,,,,,,,,,,,,,,,,,,,,,,,,,,,,,,,,,,,,,,,,,,,,,,,,,,,,,,,,,,,,,,,,,,,,,,,,,,,,,,,,,
