Income (Quarterly),2020-02,2019-11,2019-08,2019-05,2019-02,2018-11,2018-08,2018-05,2018-02,2017-11,2017-08,2017-05,2017-02,2016-11,2016-08,2016-05,2016-02,2015-11,2015-08,2015-05,2015-02,2014-11,2014-08,2014-05,2014-02,2013-11,2013-08,2013-05,2013-02,2012-11,2012-08,2012-05,2012-02,2011-11,2011-08,2011-05,2011-02,2010-11,2010-08,2010-05,2010-02,2009-11,2009-08,2009-05,2009-02,2008-11,2008-08,2008-05,2008-02,2007-11,2007-08,2007-05,2007-02,2006-11,2006-08,2006-05,2006-02,2005-11,2005-08,2005-05,2005-02,2004-11,2004-08,2004-05,2004-02,2003-11,2003-08,2003-05,2003-02,2002-11,2002-08,2002-05,2002-02,2001-11,2001-08,2001-05,2001-02,2000-11,2000-08,2000-05,2000-02,1999-11,1999-08,1999-05,1999-02,1998-11,1998-08,1998-05,1998-02,1997-11,1997-08,1997-05,1997-02,1996-11,1996-08,1996-05,1996-02,1995-11,1995-08,1995-05,1995-02,1994-11,1994-08,1994-05,1994-02,1993-11,1993-08,1993-05,1993-02,1992-11,1992-08,1992-05,1992-02,1991-11,1991-08,1991-05,1991-02,1990-11,1990-08,1990-05,1990-02,1989-11,1989-08,1989-05,1989-02,1988-11,1988-08,1988-05,1988-02,1987-11,1987-08,1987-05,1987-02,1986-11,1986-08,1986-05,1986-02,1985-11,1985-08,1985-05,1985-02,1984-11,1984-08,1984-05,1984-02
Operating Revenue,17.49B,17.32B,17.05B,17.81B,17.01B,17.82B,17.05B,17.31B,16.53B,16.31B,15.30B,15.73B,15.00B,14.93B,14.66B,12.98B,12.65B,12.45B,12.28B,12.11B,11.72B,11.94B,11.68B,11.84B,11.30B,11.40B,11.02B,11.44B,10.95B,11.11B,10.79B,11.01B,10.56B,10.59B,10.52B,10.55B,9.663B,9.632B,9.457B,9.428B,8.701B,8.596B,8.009B,7.852B,8.137B,9.538B,9.97B,9.866B,9.437B,9.451B,9.199B,9.151B,8.592B,8.926B,8.545B,8.494B,8.003B,8.09B,7.707B,7.715B,7.339B,7.334B,6.975B,7.041B,6.062B,5.92B,5.687B,5.83B,5.545B,5.667B,5.445B,5.416B,5.019B,5.135B,5.037B,5.117B,4.839B,4.895B,4.779B,4.849B,4.518B,4.570B,4.32B,4.383B,4.098B,4.209B,4.082B,4.078B,3.986B,3.942B,3.866B,3.961B,3.534B,2.852B,2.692B,5.186B,2.536B,2.547B,2.453B,2.470B,2.333B,2.359B,2.231B,2.265B,2.077B,2.122B,2.016B,2.039B,1.940B,1.965B,1.865B,1.891B,1.890B,1.943B,1.826B,1.914B,1.864B,1.993B,1.916B,1.914B,1.729B,1.724B,1.648B,1.669B,1.284B,1.136B,1.078B,1.053B,977.20M,943.60M,909.40M,869.70M,798.90M,783.70M,726.00M,723.20M,668.10M,625.50M,589.30M,592.70M,513.70M,485.20M,439.10M,413.20M,375.10M
Revenue,17.49B,17.32B,17.05B,17.81B,17.01B,17.82B,17.05B,17.31B,16.53B,16.31B,15.30B,15.73B,15.00B,14.93B,14.66B,12.98B,12.65B,12.45B,12.28B,12.11B,11.72B,11.94B,11.68B,11.84B,11.30B,11.40B,11.02B,11.44B,10.95B,11.11B,10.79B,11.01B,10.56B,10.59B,10.52B,10.55B,9.663B,9.632B,9.457B,9.428B,8.701B,8.596B,8.009B,7.852B,8.137B,9.538B,9.97B,9.866B,9.437B,9.451B,9.199B,9.151B,8.592B,8.926B,8.545B,8.494B,8.003B,8.09B,7.707B,7.715B,7.339B,7.334B,6.975B,7.041B,6.062B,5.92B,5.687B,5.83B,5.545B,5.667B,5.445B,5.416B,5.019B,5.135B,5.037B,5.117B,4.839B,4.895B,4.779B,4.849B,4.518B,4.570B,4.32B,4.383B,4.098B,4.209B,4.082B,4.078B,3.986B,3.942B,3.866B,3.961B,3.534B,2.852B,2.692B,5.186B,2.536B,2.547B,2.453B,2.470B,2.333B,2.359B,2.231B,2.265B,2.077B,2.122B,2.016B,2.039B,1.940B,1.965B,1.865B,1.891B,1.890B,1.943B,1.826B,1.914B,1.864B,1.993B,1.916B,1.914B,1.729B,1.724B,1.648B,1.669B,1.284B,1.136B,1.078B,1.053B,977.20M,943.60M,909.40M,869.70M,798.90M,783.70M,726.00M,723.20M,668.10M,625.50M,589.30M,592.70M,513.70M,485.20M,439.10M,413.20M,375.10M
Cost of Goods Sold,14.38B,14.05B,13.55B,13.60B,13.61B,14.07B,13.58B,13.23B,13.26B,12.80B,12.06B,12.30B,11.81B,11.56B,11.33B,11.20B,9.783B,9.587B,9.472B,11.26B,9.153B,9.323B,9.155B,8.763B,9.145B,9.098B,8.819B,7.015B,8.899B,8.961B,8.654B,8.614B,8.50B,8.41B,3.933B,23.01B,2.975B,1.411B,1.404B,8.473B,1.214B,1.154B,1.067B,932.00M,1.085B,1.627B,2.065B,1.851B,1.613B,1.537B,1.94B,3.628B,598.00M,584.00M,570.00M,-1.262B,577.00M,584.00M,665.00M,586.00M,585.00M,1.154B,551.00M,1.136B,948.00M,894.00M,429.00M,2.245B,452.00M,2.964B,2.841B,-4.461B,2.642B,2.245B,2.662B,-4.55B,2.642B,814.71M,2.562B,1.012B,2.478B,2.500B,2.295B,-3.834B,2.285B,2.211B,1.748B,-4.074B,1.881B,2.138B,1.988B,2.085B,1.917B,1.496B,1.394B,2.666B,1.362B,1.313B,1.206B,-415.60M,1.148B,1.114B,1.058B,1.553B,819.60M,799.10M,776.50M,777.70M,771.10M,770.60M,724.00M,731.50M,807.50M,784.40M,735.60M,802.80M,819.20M,891.90M,800.70M,830.80M,769.30M,761.20M,715.80M,,,,,,,,,,,,,,,,,,,,,,
Gross Profit,3.112B,3.272B,3.496B,4.205B,3.398B,3.751B,3.473B,4.085B,3.266B,3.51B,3.241B,3.43B,3.185B,3.368B,3.335B,1.784B,2.871B,2.866B,2.807B,850.00M,2.563B,2.616B,2.529B,3.076B,2.156B,2.305B,2.205B,4.42B,2.054B,2.146B,2.138B,2.394B,2.064B,2.177B,6.588B,-12.46B,6.688B,8.221B,8.053B,955.00M,7.487B,7.442B,6.942B,6.92B,7.052B,7.911B,7.905B,8.015B,7.824B,7.914B,7.259B,5.523B,7.994B,8.342B,7.975B,9.756B,7.426B,7.506B,7.042B,7.129B,6.754B,6.18B,6.424B,5.905B,5.114B,5.026B,5.258B,3.585B,5.093B,2.703B,2.604B,9.877B,2.377B,2.89B,2.375B,9.667B,2.197B,4.080B,2.217B,3.837B,2.040B,2.070B,2.025B,8.217B,1.814B,1.998B,2.334B,8.152B,2.106B,1.804B,1.879B,1.876B,1.617B,1.356B,1.298B,2.520B,1.174B,1.234B,1.248B,2.885B,1.184B,1.245B,1.173B,712.20M,1.258B,1.322B,1.239B,1.261B,1.169B,1.194B,1.141B,1.160B,1.082B,1.159B,1.090B,1.111B,1.045B,1.101B,1.116B,1.083B,960.00M,962.90M,931.70M,,,,,,,,,,,,,,,,,,,,,,
General and Administrative Expense,,,,,,,,,,,,,,,,,,,,,,,,,,,,,,,,,,,4.004B,,4.449B,5.797B,5.731B,-1.516B,5.362B,5.172B,5.009B,4.871B,5.083B,5.296B,5.48B,5.463B,5.382B,5.299B,3.483B,,,,,,,,,,,3.507B,,3.518B,3.123B,3.006B,,,,2.868B,2.87B,2.818B,2.69B,,2.668B,2.604B,2.516B,2.407B,2.386B,820.20M,2.313B,2.267B,2.198B,2.174B,2.126B,2.105B,,,,1.951B,1.929B,1.946B,1.838B,1.514B,1.485B,2.428B,1.416B,1.358B,1.371B,,1.345B,1.305B,1.250B,1.770B,1.021B,1.025B,992.10M,,,,,,,,,,,,,,,,,,,,,,,,,,,,,,,,,,,,,,
SG&A Expense,,,,,,,,,,,,,,,,,,,,,,,,,,,,,,,,,,,4.004B,,4.449B,5.797B,5.731B,-1.516B,5.362B,5.172B,5.009B,4.871B,5.083B,5.296B,5.48B,5.463B,5.382B,5.299B,3.483B,,,,,,,,,,,3.507B,,3.518B,3.123B,3.006B,,,,2.868B,2.87B,2.818B,2.69B,2.231B,2.668B,2.604B,2.516B,2.407B,2.386B,820.20M,2.313B,2.267B,2.198B,2.174B,2.126B,2.105B,1.800B,1.707B,1.688B,1.951B,1.929B,1.946B,1.838B,1.514B,1.485B,2.428B,1.416B,1.358B,1.371B,1.343B,1.345B,1.305B,1.250B,1.770B,1.021B,1.025B,992.10M,987.10M,961.00M,934.40M,924.90M,909.40M,937.40M,919.80M,870.50M,854.60M,877.10M,846.00M,860.80M,842.80M,780.50M,717.00M,704.90M,,,,,,,,,,,,,,,,,,,,,,
Income Statement Depreciation,,,,,,,,,,,,,,,,,,,,,,,,,,,,,,,,,,,,,,,,,,,,,,,,,,,,,,,,403.00M,391.00M,386.00M,,,,363.00M,360.00M,365.00M,340.00M,336.00M,,,,338.00M,339.00M,345.00M,341.00M,342.00M,336.00M,338.00M,326.00M,309.49M,303.00M,298.70M,293.70M,285.40M,277.30M,269.02M,263.70M,252.20M,250.20M,246.73M,250.10M,236.70M,230.10M,248.30M,229.90M,191.00M,190.20M,316.90M,182.30M,178.70M,174.10M,168.70M,165.10M,161.60M,156.90M,154.30M,152.00M,147.90M,145.20M,148.70M,145.50M,143.20M,142.50M,156.20M,141.30M,140.30M,139.40M,142.50M,136.70M,129.50M,125.80M,125.20M,117.70M,118.00M,118.30M,,,,,,,,,,,,,,,,,,,,,,
Rent and Landing Expense,,,,,,,,,,,,,,,,,,,,,,,,,,,,,,,,,,,,,621.00M,628.00M,601.00M,,593.00M,593.00M,578.00M,591.00M,609.00M,612.00M,617.00M,622.00M,615.00M,611.00M,593.00M,,,,,,,,,,,577.00M,,568.00M,474.00M,447.00M,,,,465.00M,444.00M,432.00M,444.00M,,432.00M,434.00M,418.00M,407.35M,391.00M,,386.50M,393.50M,366.70M,353.29M,364.20M,347.70M,,,,336.30M,292.40M,291.50M,291.80M,267.20M,253.40M,302.90M,251.10M,236.80M,223.20M,,211.70M,199.30M,188.60M,,,,,,,,,,,,,,,,,,,,,,,,,,,,,,,,,,,,,,,,,,
Special Income and Charges,0.00,-66.00M,,-316.00M,-4.00M,0.00,,-380.00M,0.00,,,,,,,,,,,,,,,,,,,-596.00M,-47.00M,,,-134.00M,0.00,,-1.34B,3.957B,-1.362B,-1.462B,-1.222B,-1.292B,-1.237B,-1.221B,-1.126B,-2.406B,-1.295B,-1.34B,-1.306B,-2.216B,-1.312B,-1.35B,-2.00M,-4.758B,-1.00M,1.00M,-5.00M,2.00M,-2.00M,0.00,-11.00M,-1.00M,-4.00M,-8.00M,-6.00M,-8.00M,-16.00M,-285.00M,1.00M,-11.00M,-3.00M,-4.00M,3.00M,-15.00M,-4.00M,114.00M,2.00M,-3.00M,1.00M,5.053M,-4.00M,7.50M,10.80M,5.00M,-0.30M,4.769M,-5.60M,0.30M,-3.30M,0.671M,-69.90M,-0.10M,10.50M,-219.40M,-0.30M,19.50M,-0.40M,0.40M,-0.40M,8.20M,4.50M,3.10M,40.00M,5.20M,-2.70M,-10.90M,7.50M,-2.60M,-3.80M,-1.60M,-1.30M,-1.80M,-8.00M,13.00M,-262.00M,-6.50M,-4.00M,-13.80M,-154.00M,-7.00M,-3.10M,2.70M,-4.30M,-3.40M,-2.00M,,,,,,,,,,,,,,,,,,,,,,
Operating Interest Expense,,,,,,,,,,,,,,,,,,,,,,,,,,,,,,,,,,,,,,23.00M,18.00M,27.00M,19.00M,15.00M,18.00M,,,,,,,,,,,,,,,,,,,,,,,,,,,,,,,,,,,,,,,,,,,,,,,,,,,,,,,,,,,,,,,,,,,,,,,,,,,,,,,,,,,,,,,,,,,,,,,,,,,,,,
Net Operating Interest Income,-155.00M,-151.00M,-137.00M,-136.00M,-135.00M,-131.00M,-127.00M,-147.00M,-125.00M,-124.00M,-114.00M,-125.00M,-122.00M,-119.00M,-113.00M,-97.00M,-81.00M,-74.00M,-63.00M,-68.00M,-58.00M,-47.00M,-48.00M,-47.00M,-38.00M,-30.00M,-27.00M,-24.00M,-9.00M,-18.00M,-10.00M,-9.00M,-12.00M,-7.00M,-11.00M,-12.00M,-24.00M,-23.00M,-18.00M,-19.00M,-19.00M,-15.00M,-18.00M,-21.00M,-19.00M,-10.00M,-9.00M,-4.00M,-10.00M,-15.00M,-25.00M,,,,,,,,,,,,,,,,,,,,,,,,,,,,,,,,,,,,,,,,,,,,,,,,,,,,,,,,,,,,,,,,,,,,,,,,,,,,,,,,,,,,,,,,,,,,,,
Other Operating Expenses,2.701B,2.652B,2.519B,2.573B,2.483B,2.583B,2.402B,2.377B,2.408B,2.395B,2.27B,2.32B,2.16B,2.201B,2.071B,1.852B,2.007B,1.729B,1.663B,1.895B,1.525B,1.528B,1.467B,1.524B,1.515B,1.478B,1.41B,1.439B,1.418B,1.428B,1.396B,1.404B,1.251B,1.397B,,,,,,,,,,,,,,,,,1.303B,,6.904B,7.073B,6.792B,15.90B,6.322B,6.33B,6.088B,-5.945B,5.834B,2.864B,5.002B,2.024B,1.811B,1.76B,4.402B,-5.589B,4.138B,795.00M,770.00M,3.815B,762.00M,,751.00M,3.818B,822.00M,1.520B,785.00M,786.10M,760.30M,772.30M,731.30M,3.262B,796.90M,728.10M,,,,700.80M,683.00M,748.10M,632.60M,599.20M,552.40M,556.70M,555.60M,534.30M,508.40M,,469.30M,454.70M,427.20M,427.90M,409.00M,391.80M,375.70M,,,,,,,,,,,,,,,,,,,,,,,,,,,,,,,,,,,,,,
Total Operating Expenses,2.701B,2.652B,2.519B,2.573B,2.483B,2.583B,2.402B,2.377B,2.408B,2.395B,2.27B,2.32B,2.16B,2.201B,2.071B,1.852B,2.007B,1.729B,1.663B,1.895B,1.525B,1.528B,1.467B,1.524B,1.515B,1.478B,1.41B,1.439B,1.418B,1.428B,1.396B,1.404B,1.251B,1.397B,4.513B,-9.412B,4.942B,6.299B,6.21B,-1.028B,5.85B,5.659B,5.504B,5.367B,5.579B,5.787B,5.972B,5.962B,5.874B,5.781B,5.259B,-244.00M,7.353B,7.503B,7.191B,5.177B,6.713B,6.716B,6.458B,6.389B,6.202B,6.734B,5.362B,5.907B,5.274B,5.102B,4.736B,6.332B,4.472B,4.001B,3.979B,6.978B,3.793B,2.573B,3.755B,6.76B,3.664B,4.236B,3.474B,1.905B,3.367B,3.325B,3.206B,5.704B,3.187B,3.085B,2.050B,7.102B,1.938B,2.888B,2.842B,2.942B,2.700B,2.305B,2.227B,3.301B,2.154B,2.071B,2.053B,160.80M,1.979B,1.922B,1.834B,2.352B,1.582B,1.564B,1.513B,1.136B,1.106B,1.078B,1.067B,1.066B,1.079B,1.060B,1.010B,997.10M,1.014B,975.50M,986.60M,968.00M,898.20M,835.00M,823.20M,,,,,,,,,,,,,,,,,,,,,,
Operating Income,411.00M,620.00M,977.00M,1.632B,915.00M,1.168B,1.071B,1.708B,858.00M,1.115B,971.00M,1.11B,1.025B,1.167B,1.264B,-68.00M,864.00M,1.137B,1.144B,-1.045B,1.038B,1.088B,1.062B,1.552B,641.00M,827.00M,795.00M,2.981B,636.00M,718.00M,742.00M,990.00M,813.00M,780.00M,2.075B,-3.044B,1.746B,1.922B,1.843B,1.983B,1.637B,1.783B,1.438B,1.553B,1.473B,2.124B,1.933B,2.053B,1.95B,2.133B,2.00B,5.767B,641.00M,839.00M,784.00M,4.579B,713.00M,790.00M,584.00M,740.00M,552.00M,-554.00M,1.062B,-2.00M,-160.00M,-76.00M,522.00M,-2.747B,621.00M,-1.298B,-1.375B,2.899B,-1.416B,317.00M,-1.38B,2.907B,-1.467B,-156.11M,-1.257B,1.932B,-1.327B,-1.255B,-1.181B,2.513B,-1.373B,-1.086B,283.90M,1.049B,167.40M,-1.084B,-963.80M,-1.066B,-1.083B,-948.70M,-929.20M,-781.00M,-979.90M,-837.10M,-805.60M,2.724B,-795.00M,-676.90M,-661.40M,-1.640B,-323.80M,-242.10M,-273.80M,125.10M,62.20M,116.50M,73.50M,94.30M,3.30M,98.90M,80.30M,114.30M,31.50M,125.70M,129.20M,115.40M,61.80M,127.90M,108.50M,-3.074B,1.284B,1.136B,1.078B,-2.451B,977.20M,943.60M,909.40M,-1.944B,798.90M,783.70M,726.00M,-1.671B,668.10M,625.50M,589.30M,-1.301B,513.70M,485.20M,439.10M,-857.90M,375.10M
Non-Operating Interest Expense,,,,,,,,,,,,,,,,,,,,,,,,,,,,,,,,,,,,,,23.00M,18.00M,27.00M,19.00M,15.00M,18.00M,,,,,,,,,,,,,,,,,,,,,,,,,,,,,,,,,,,,,,,,,,,,,,,,,,,,,,,,,,,,,,,,,,,,,,,,,,,,,,,,,,,,,,,,,,,,,,,,,,,,,,
Net Non-Operating Interest Income Expense,-155.00M,-151.00M,-137.00M,-136.00M,-135.00M,-131.00M,-127.00M,-147.00M,-125.00M,-124.00M,-114.00M,-125.00M,-122.00M,-119.00M,-113.00M,-97.00M,-81.00M,-74.00M,-63.00M,-68.00M,-58.00M,-47.00M,-48.00M,-47.00M,-38.00M,-30.00M,-27.00M,-24.00M,-9.00M,-18.00M,-10.00M,-9.00M,-12.00M,-7.00M,-11.00M,-12.00M,-24.00M,-23.00M,-18.00M,-19.00M,-19.00M,-15.00M,-18.00M,-21.00M,-19.00M,-10.00M,-9.00M,-4.00M,-10.00M,-15.00M,-25.00M,,,,,,,,,,,,,,,,,,,,,,,,,,,,,,,,,,,,,,,,,,,,,,,,,,,,,,,,,,,,,,,,,,,,,,,,,,,,,,,,,,,,,,,,,,,,,,
Other Income and Expenses,164.00M,103.00M,156.00M,-4.05B,151.00M,140.00M,157.00M,-203.00M,141.00M,148.00M,125.00M,475.00M,-4.00M,30.00M,-9.00M,-16.00M,-1.00M,-8.00M,3.00M,-303.00M,5.00M,5.00M,-2.00M,1.00M,-9.00M,-5.00M,-2.00M,-602.00M,-63.00M,-8.00M,-5.00M,-133.00M,-9.00M,4.00M,-1.34B,3.921B,-1.362B,-1.462B,-1.222B,-1.292B,-1.237B,-1.221B,-1.126B,-2.406B,-1.295B,-1.34B,-1.306B,-2.216B,-1.312B,-1.35B,-2.00M,-4.758B,-1.00M,1.00M,-5.00M,2.00M,-2.00M,,-11.00M,-1.00M,-4.00M,-8.00M,-6.00M,-8.00M,-16.00M,-285.00M,1.00M,-11.00M,-3.00M,-4.00M,3.00M,-15.00M,-4.00M,114.00M,2.00M,,1.00M,5.053M,-4.00M,7.50M,10.80M,5.00M,-0.30M,4.769M,-5.60M,0.30M,-3.30M,0.671M,-69.90M,-0.10M,10.50M,-219.40M,-0.30M,19.50M,-0.40M,0.40M,-0.40M,8.20M,4.50M,3.10M,40.00M,5.20M,-2.70M,-10.90M,7.50M,-2.60M,-3.80M,-1.60M,-1.30M,-1.80M,-8.00M,13.00M,-262.00M,-6.50M,-4.00M,-13.80M,-154.00M,-7.00M,-3.10M,2.70M,-4.30M,-3.40M,-2.00M,,,,,,,,,,,,,,,,,,,,,,
Net Interest Income,-155.00M,-151.00M,-137.00M,-136.00M,-135.00M,-131.00M,-127.00M,-147.00M,-125.00M,-124.00M,-114.00M,-125.00M,-122.00M,-119.00M,-113.00M,-97.00M,-81.00M,-74.00M,-63.00M,-68.00M,-58.00M,-47.00M,-48.00M,-47.00M,-38.00M,-30.00M,-27.00M,-24.00M,-9.00M,-18.00M,-10.00M,-9.00M,-12.00M,-7.00M,-11.00M,-12.00M,-24.00M,-23.00M,-18.00M,-19.00M,-19.00M,-15.00M,-18.00M,-21.00M,-19.00M,-10.00M,-9.00M,-4.00M,-10.00M,-15.00M,-25.00M,,,,,,,,,,,,,,,,,,,,,,,,,,,,,,,,,,,,,,,,,,,,,,,,,,,,,,,,,,,,,,,,,,,,,,,,,,,,,,,,,,,,,,,,,,,,,,
Pre-Tax Income,420.00M,572.00M,996.00M,-2.554B,931.00M,1.177B,1.101B,1.358B,874.00M,1.139B,982.00M,1.46B,899.00M,1.078B,1.142B,-181.00M,782.00M,1.055B,1.084B,-1.416B,985.00M,1.046B,1.012B,1.506B,594.00M,792.00M,766.00M,2.355B,564.00M,692.00M,727.00M,848.00M,792.00M,777.00M,724.00M,865.00M,360.00M,437.00M,603.00M,672.00M,381.00M,547.00M,294.00M,-874.00M,159.00M,774.00M,618.00M,-167.00M,628.00M,768.00M,787.00M,993.00M,629.00M,823.00M,770.00M,907.00M,683.00M,760.00M,549.00M,711.00M,514.00M,554.00M,534.00M,643.00M,334.00M,146.00M,196.00M,451.00M,237.00M,395.00M,255.00M,371.00M,194.00M,395.00M,200.00M,179.00M,159.00M,315.13M,275.00M,405.20M,187.00M,282.90M,262.80M,371.96M,121.20M,312.40M,255.40M,294.42M,63.60M,256.70M,284.80M,14.00M,106.80M,180.40M,107.80M,364.60M,52.70M,155.00M,129.90M,153.00M,110.70M,151.10M,107.20M,149.40M,57.80M,110.50M,60.90M,84.60M,20.60M,74.30M,24.00M,67.00M,-298.00M,50.60M,33.50M,50.40M,-168.70M,76.60M,82.60M,67.20M,10.80M,80.80M,59.60M,,,,,,,,,,,,,,,,,,,,,,
Provision for Income Taxes,105.00M,12.00M,251.00M,-585.00M,192.00M,242.00M,266.00M,231.00M,-1.20B,364.00M,386.00M,440.00M,337.00M,378.00M,427.00M,-111.00M,275.00M,364.00M,392.00M,-522.00M,357.00M,383.00M,359.00M,549.00M,216.00M,292.00M,277.00M,897.00M,203.00M,254.00M,268.00M,298.00M,271.00M,280.00M,260.00M,307.00M,129.00M,154.00M,223.00M,253.00M,142.00M,202.00M,113.00M,2.00M,62.00M,281.00M,234.00M,74.00M,235.00M,289.00M,293.00M,383.00M,209.00M,312.00M,295.00M,339.00M,255.00M,289.00M,210.00M,263.00M,197.00M,200.00M,204.00M,231.00M,127.00M,55.00M,68.00M,171.00M,90.00M,150.00M,97.00M,135.00M,74.00M,150.00M,76.00M,66.00M,50.00M,121.32M,106.00M,159.50M,73.90M,111.70M,103.80M,150.63M,43.40M,129.60M,106.00M,123.66M,50.80M,106.90M,120.00M,54.40M,45.80M,76.70M,45.80M,156.80M,25.50M,65.10M,54.60M,65.80M,47.60M,65.00M,46.10M,68.70M,26.60M,50.80M,28.00M,35.50M,10.10M,36.40M,11.80M,31.20M,-104.60M,24.10M,16.30M,19.40M,-63.10M,39.20M,39.50M,24.00M,5.60M,43.80M,29.20M,,,,,,,,,,,,,,,,,,,,,,
Income from Continuing Operations,315.00M,560.00M,745.00M,-1.969B,739.00M,935.00M,835.00M,1.127B,2.074B,775.00M,596.00M,1.02B,562.00M,700.00M,715.00M,-70.00M,507.00M,691.00M,692.00M,-894.00M,628.00M,663.00M,653.00M,957.00M,378.00M,500.00M,489.00M,1.458B,361.00M,438.00M,459.00M,550.00M,521.00M,497.00M,464.00M,558.00M,231.00M,283.00M,380.00M,419.00M,239.00M,345.00M,181.00M,-876.00M,97.00M,493.00M,384.00M,-241.00M,393.00M,479.00M,494.00M,610.00M,420.00M,511.00M,475.00M,568.00M,428.00M,471.00M,339.00M,448.00M,317.00M,354.00M,330.00M,412.00M,207.00M,91.00M,128.00M,280.00M,147.00M,245.00M,158.00M,236.00M,120.00M,245.00M,124.00M,113.00M,109.00M,193.80M,169.00M,244.70M,113.10M,171.20M,159.00M,221.33M,77.80M,182.80M,149.40M,170.76M,12.80M,149.80M,164.80M,-40.40M,61.00M,103.70M,62.00M,207.80M,27.20M,89.90M,75.30M,87.20M,63.10M,86.10M,61.10M,80.70M,31.20M,59.70M,32.90M,49.10M,10.50M,37.90M,12.20M,35.80M,-193.40M,26.50M,17.20M,31.00M,-105.60M,37.40M,43.10M,43.20M,5.20M,37.00M,30.40M,41.00M,24.80M,52.50M,48.20M,54.80M,36.50M,44.00M,52.40M,43.70M,35.90M,34.50M,52.90M,38.90M,26.30M,34.90M,31.60M,41.90M,15.60M,10.20M,8.30M,28.70M,28.10M
Income from Discontinued Operations,,,,,,,,,,,,,,,,,,,,,,,,,,,,,,,,,,,,,,,,,,,,,,,,,,,,,,,,,,,,,,,,,,,,,,,,,,,,,,,,,,,,,,,,-0.025M,4.90M,,,,,,,,,,,,,,,,,,,,,,,,,,,,,,,,,,,,,,,,,,,-5.00M,,-199.40M,-28.10M,,,,,,,,,,
"Extraordinary Items, Income Statement",,,,,,,,,,,,,,,,,,,,,,,,,,,,,,,,,,,,,,,,,,,,,,,,,,,,,,,,,,,,,,,,,,,,,,,,0.00,,,-15.00M,,,,,,,,,,,,,,,,,,,,,,,,,,,,,,,,,,,,,,,,,,,,,,,,,,,,,,,,,,,,,,,,,,,,,,
Net Income,315.00M,560.00M,745.00M,-1.969B,739.00M,935.00M,835.00M,1.127B,2.074B,775.00M,596.00M,1.02B,562.00M,700.00M,715.00M,-70.00M,507.00M,691.00M,692.00M,-894.00M,628.00M,663.00M,653.00M,957.00M,378.00M,500.00M,489.00M,1.458B,361.00M,438.00M,459.00M,550.00M,521.00M,497.00M,464.00M,558.00M,231.00M,283.00M,380.00M,419.00M,239.00M,345.00M,181.00M,-876.00M,97.00M,493.00M,384.00M,-241.00M,393.00M,479.00M,494.00M,610.00M,420.00M,511.00M,475.00M,568.00M,428.00M,471.00M,339.00M,448.00M,317.00M,354.00M,330.00M,412.00M,207.00M,91.00M,128.00M,280.00M,147.00M,245.00M,158.00M,236.00M,120.00M,245.00M,109.00M,113.00M,109.00M,193.80M,169.00M,244.70M,113.10M,171.20M,159.00M,221.33M,77.80M,182.80M,149.40M,170.73M,17.70M,149.80M,164.80M,-40.40M,61.00M,103.70M,62.00M,88.20M,27.20M,89.90M,75.30M,87.20M,63.10M,86.10M,61.10M,80.70M,31.20M,59.70M,32.90M,-6.80M,10.50M,37.90M,12.20M,35.80M,-193.40M,26.50M,17.20M,31.00M,-105.60M,37.40M,43.10M,43.20M,5.20M,37.00M,30.40M,41.00M,24.80M,52.50M,48.20M,54.80M,36.50M,44.00M,52.40M,38.70M,35.90M,-164.90M,24.80M,38.90M,26.30M,34.90M,31.60M,41.90M,15.60M,10.20M,8.30M,28.70M,28.10M
Normalized Income,315.00M,624.61M,745.00M,-1.725B,742.18M,935.00M,835.00M,1.442B,2.074B,775.00M,596.00M,1.02B,562.00M,700.00M,715.00M,-70.00M,507.00M,691.00M,692.00M,-894.00M,628.00M,663.00M,653.00M,957.00M,378.00M,500.00M,489.00M,1.827B,391.08M,438.00M,459.00M,636.91M,521.00M,497.00M,1.323B,-1.995B,1.105B,1.230B,1.150B,1.225B,1.015B,1.115B,874.22M,687.90M,887.03M,1.347B,1.195B,1.199B,1.214B,1.321B,495.26M,3.533B,420.67M,510.38M,478.08M,566.75M,429.25M,471.00M,345.79M,448.63M,319.47M,359.11M,333.71M,417.13M,216.92M,268.64M,127.35M,286.83M,148.86M,247.48M,156.14M,245.54M,122.47M,174.29M,122.76M,114.89M,108.31M,190.70M,171.46M,240.15M,106.57M,168.17M,159.18M,218.47M,81.39M,182.62M,151.38M,170.35M,54.74M,149.86M,158.50M,91.24M,61.18M,92.00M,62.24M,207.56M,27.44M,84.98M,72.60M,85.34M,39.10M,82.98M,62.72M,87.24M,26.70M,61.26M,35.18M,50.06M,11.28M,38.98M,17.00M,28.00M,-23.36M,30.40M,19.60M,39.49M,-9.202M,41.60M,44.96M,41.46M,7.78M,39.04M,31.60M,41.00M,24.80M,52.50M,48.20M,54.80M,36.50M,44.00M,52.40M,43.70M,35.90M,34.50M,52.90M,38.90M,26.30M,34.90M,31.60M,41.90M,15.60M,10.20M,8.30M,28.70M,28.10M
EBITDA,1.319B,1.521B,1.856B,-1.045B,1.766B,1.996B,1.879B,2.769B,1.644B,1.871B,1.722B,2.389B,1.787B,1.907B,2.003B,598.00M,1.527B,1.79B,1.792B,-669.00M,1.69B,1.739B,1.713B,2.204B,1.293B,1.474B,1.434B,2.929B,1.235B,1.31B,1.315B,1.406B,1.356B,1.298B,2.584B,-2.661B,2.239B,962.00M,1.10B,1.187B,888.00M,1.049B,807.00M,-4.272B,1.969B,2.615B,2.425B,-3.587B,2.442B,2.615B,2.473B,1.551B,1.09B,1.269B,1.183B,4.982B,1.104B,1.176B,954.00M,1.111B,920.00M,-191.00M,1.422B,363.00M,180.00M,260.00M,856.00M,-2.407B,955.00M,-960.00M,-1.036B,3.244B,-1.075B,659.00M,-1.044B,3.245B,-1.141B,153.38M,-954.00M,2.231B,-1.033B,-969.40M,-903.60M,2.782B,-1.110B,-834.20M,534.10M,1.296B,417.50M,-847.70M,-733.70M,-818.20M,-786.40M,-757.70M,-739.00M,-464.10M,-797.60M,-658.40M,-631.50M,2.893B,-629.90M,-515.30M,-504.50M,-1.486B,-171.80M,-94.10M,-128.60M,273.80M,207.70M,259.70M,216.00M,250.50M,144.60M,239.20M,219.70M,256.80M,168.20M,255.20M,255.00M,240.60M,179.50M,245.90M,226.80M,-3.074B,1.284B,1.136B,1.078B,-2.451B,977.20M,943.60M,909.40M,-1.944B,798.90M,783.70M,726.00M,-1.671B,668.10M,625.50M,589.30M,-1.301B,513.70M,485.20M,439.10M,-857.90M,375.10M
Reconciled Depreciation,908.00M,901.00M,879.00M,866.00M,851.00M,828.00M,808.00M,802.00M,786.00M,756.00M,751.00M,754.00M,762.00M,740.00M,739.00M,667.00M,663.00M,653.00M,648.00M,657.00M,652.00M,651.00M,651.00M,649.00M,652.00M,647.00M,639.00M,622.00M,599.00M,592.00M,573.00M,543.00M,543.00M,518.00M,509.00M,499.00M,493.00M,502.00M,479.00M,488.00M,488.00M,487.00M,495.00M,496.00M,496.00M,491.00M,492.00M,499.00M,492.00M,482.00M,473.00M,464.00M,449.00M,430.00M,399.00M,403.00M,391.00M,386.00M,368.00M,371.00M,368.00M,363.00M,360.00M,365.00M,340.00M,336.00M,334.00M,340.00M,334.00M,338.00M,339.00M,345.00M,341.00M,342.00M,336.00M,338.00M,325.82M,309.18M,303.00M,298.70M,293.70M,285.30M,277.30M,269.02M,263.70M,252.20M,250.20M,246.73M,250.10M,236.80M,230.10M,248.30M,296.60M,191.00M,190.20M,316.90M,182.30M,178.70M,174.10M,168.70M,165.10M,161.60M,156.90M,154.30M,151.90M,148.00M,145.20M,148.70M,145.50M,143.20M,142.50M,156.20M,141.30M,140.30M,139.40M,142.50M,136.70M,129.50M,125.80M,125.20M,117.70M,118.00M,118.30M,,,,,,,,,,,,,,,,,,,,,,
EBIT,411.00M,620.00M,977.00M,-1.911B,915.00M,1.168B,1.071B,1.967B,858.00M,1.115B,971.00M,1.635B,1.025B,1.167B,1.264B,-69.00M,864.00M,1.137B,1.144B,-1.326B,1.038B,1.088B,1.062B,1.555B,641.00M,827.00M,795.00M,2.307B,636.00M,718.00M,742.00M,863.00M,813.00M,780.00M,2.075B,-3.16B,1.746B,460.00M,621.00M,699.00M,400.00M,562.00M,312.00M,-4.768B,1.473B,2.124B,1.933B,-4.086B,1.95B,2.133B,2.00B,1.087B,641.00M,839.00M,784.00M,4.579B,713.00M,790.00M,584.00M,740.00M,552.00M,-554.00M,1.062B,-2.00M,-160.00M,-76.00M,522.00M,-2.747B,621.00M,-1.298B,-1.375B,2.899B,-1.416B,317.00M,-1.38B,2.907B,-1.467B,-156.11M,-1.257B,1.932B,-1.327B,-1.255B,-1.181B,2.513B,-1.373B,-1.086B,283.90M,1.049B,167.40M,-1.084B,-963.80M,-1.066B,-1.083B,-948.70M,-929.20M,-781.00M,-979.90M,-837.10M,-805.60M,2.724B,-795.00M,-676.90M,-661.40M,-1.640B,-323.80M,-242.10M,-273.80M,125.10M,62.20M,116.50M,73.50M,94.30M,3.30M,98.90M,80.30M,114.30M,31.50M,125.70M,129.20M,115.40M,61.80M,127.90M,108.50M,-3.074B,1.284B,1.136B,1.078B,-2.451B,977.20M,943.60M,909.40M,-1.944B,798.90M,783.70M,726.00M,-1.671B,668.10M,625.50M,589.30M,-1.301B,513.70M,485.20M,439.10M,-857.90M,375.10M
EPS Basic from Continuing Operations,1.21,2.15,2.86,-7.550,2.83,3.56,3.15,4.238,7.74,2.89,2.22,3.802,2.11,2.63,2.69,-0.2636,1.86,2.47,2.45,-3.169,2.21,2.34,2.29,2.558,1.24,1.58,1.54,0.9571,1.14,1.39,1.46,1.75,1.66,1.57,1.46,1.760,0.73,0.90,1.21,1.34,0.76,1.10,0.58,-2.82,0.31,1.59,1.24,-0.78,1.27,1.55,1.60,1.98,1.37,1.67,1.55,1.86,1.41,1.55,1.12,1.48,1.05,1.18,1.10,1.37,0.69,0.31,0.43,0.94,0.49,0.82,0.53,0.79,0.40,0.82,0.42,0.37,0.38,0.68,0.59,0.85,0.39,0.58,0.53,0.74,0.27,0.62,0.51,0.58,0.05,0.46,0.61,-0.31,0.27,0.45,0.27,0.50,0.12,0.40,0.34,0.38,0.28,0.39,0.27,0.36,0.14,0.27,0.15,0.23,0.05,0.18,0.06,0.17,-0.90,0.13,0.08,0.15,-0.50,0.18,0.21,0.20,0.03,0.18,0.15,0.20,0.12,0.26,0.23,0.25,0.18,0.21,0.25,0.21,0.18,0.17,0.26,0.19,0.13,0.18,0.17,0.23,0.09,0.06,0.05,0.15,0.15
EPS Basic from Discontinued Operations,,,,,,,,,,,,,,,,,,,,,,,,,,,,,,,,,,,0.00,,0.00,0.00,0.00,0.00,0.00,0.00,0.00,0.00,0.00,0.00,0.00,0.00,0.00,0.00,0.00,0.00,0.00,0.00,0.00,0.00,0.00,0.00,0.00,0.00,0.00,0.00,0.00,0.00,0.00,0.00,0.00,0.00,0.00,0.00,0.00,0.00,0.00,0.00,-0.05,0.00,0.00,0.00,0.00,0.00,0.00,0.00,0.00,0.00,0.00,0.00,0.00,0.00,0.02,0.00,0.00,0.00,0.00,0.00,0.00,0.00,0.00,0.00,0.00,0.00,0.00,0.00,0.00,0.00,0.00,0.00,0.00,-0.26,0.00,0.00,0.00,0.00,0.00,0.00,0.00,0.00,0.00,0.00,0.00,0.00,0.00,0.00,0.00,0.00,0.00,0.00,0.00,0.00,0.00,0.00,0.00,-0.02,0.00,-0.97,-0.14,0.00,0.00,0.00,0.00,0.00,0.00,0.00,0.00,0.00,0.00
EPS Basic from Extraordinaries,,,,,,,,,,,,,,,,,,,,,,,,,,,,,,,,,,,,,,,,,,,,,,,,,,,,,,,,,,,,,,,,,,,,,,,,0.00,,,0.00,,,,,,,,,,,,,,,,,,,,,,,,,,,,,,,,,,,,,,,,,,,,,,,,,,,,,,,,,,,,,,,,,,,,,,
Normalized Basic EPS,1.21,2.398,2.86,-6.630,2.842,3.56,3.15,5.433,7.74,2.89,2.22,3.802,2.11,2.63,2.69,-0.2636,1.86,2.47,2.45,-3.169,2.21,2.34,2.29,2.558,1.24,1.58,1.54,2.117,1.235,1.39,1.46,2.026,1.66,1.57,4.178,-6.267,3.504,3.915,3.662,3.922,3.247,3.568,2.802,2.209,2.850,4.334,3.849,3.881,3.927,4.275,1.604,11.44,1.372,1.668,1.560,1.856,1.414,1.55,1.142,1.482,1.058,1.197,1.112,1.387,0.7231,0.9151,0.4278,0.9629,0.4962,0.8283,0.5238,0.8219,0.4083,0.5827,0.4158,0.3763,0.3776,0.6691,0.5986,0.8341,0.3675,0.5697,0.5306,0.7304,0.2821,0.6194,0.5168,0.5786,0.2159,0.4602,0.5888,0.1405,0.2706,0.3992,0.2710,0.4989,0.1210,0.3785,0.3281,0.3715,0.1736,0.3762,0.2772,0.3880,0.1198,0.2771,0.1604,0.2345,0.0537,0.1851,0.0836,0.1342,-0.1087,0.1491,0.0912,0.2033,-0.0436,0.2002,0.2191,0.1921,0.0449,0.1899,0.1559,0.20,0.12,0.26,0.23,0.25,0.18,0.21,0.25,0.21,0.18,0.17,0.26,0.19,0.13,0.18,0.17,0.23,0.09,0.06,0.05,0.15,0.15
EPS Basic,1.21,2.15,2.86,-7.550,2.83,3.56,3.15,4.238,7.74,2.89,2.22,3.802,2.11,2.63,2.69,-0.2636,1.86,2.47,2.45,-3.169,2.21,2.34,2.29,2.558,1.24,1.58,1.54,0.9571,1.14,1.39,1.46,1.75,1.66,1.57,1.46,1.760,0.73,0.90,1.21,1.34,0.76,1.10,0.58,-2.82,0.31,1.59,1.24,-0.78,1.27,1.55,1.60,1.98,1.37,1.67,1.55,1.86,1.41,1.55,1.12,1.48,1.05,1.18,1.10,1.37,0.69,0.31,0.43,0.94,0.49,0.82,0.53,0.79,0.40,0.82,0.37,0.37,0.38,0.68,0.59,0.85,0.39,0.58,0.53,0.74,0.27,0.62,0.51,0.58,0.07,0.46,0.61,-0.31,0.27,0.45,0.27,0.50,0.12,0.40,0.34,0.38,0.28,0.39,0.27,0.36,0.14,0.27,0.15,-0.03,0.05,0.18,0.06,0.17,-0.90,0.13,0.08,0.15,-0.50,0.18,0.21,0.20,0.03,0.18,0.15,0.20,0.12,0.26,0.23,0.25,0.18,0.21,0.25,0.19,0.18,-0.80,0.12,0.19,0.13,0.18,0.17,0.23,0.09,0.06,0.05,0.15,0.15
EPS Diluted from Continuing Operations,1.20,2.13,2.84,-7.56,2.80,3.51,3.10,4.15,7.59,2.84,2.19,3.75,2.07,2.59,2.65,-0.2636,1.84,2.44,2.42,-3.169,2.18,2.31,2.26,2.46,1.23,1.57,1.53,0.95,1.13,1.39,1.45,1.74,1.65,1.57,1.46,1.75,0.73,0.89,1.20,1.33,0.76,1.10,0.58,-2.82,0.31,1.58,1.23,-0.78,1.26,1.54,1.58,1.96,1.35,1.64,1.53,1.82,1.38,1.53,1.10,1.46,1.03,1.15,1.08,1.36,0.68,0.30,0.42,0.92,0.49,0.81,0.52,0.78,0.39,0.81,0.41,0.37,0.37,0.67,0.58,0.83,0.39,0.57,0.52,0.73,0.26,0.62,0.50,0.57,0.05,0.46,0.61,-0.32,0.27,0.45,0.27,0.50,0.12,0.40,0.34,0.38,0.28,0.39,0.27,0.36,0.14,0.27,0.15,0.23,0.05,0.18,0.06,0.17,-0.90,0.13,0.08,0.15,-0.50,0.18,0.21,0.20,0.03,0.18,0.15,0.20,0.12,0.26,0.23,0.25,0.18,0.21,0.25,0.21,0.18,0.17,0.26,0.19,0.13,0.18,0.17,0.23,0.09,0.06,0.05,0.15,0.15
EPS Diluted from Discontinued Operations,,,,,,,,,,,,,,,,,,,,,,,,,,,,,,,,,,,0.00,0.00,0.00,0.00,0.00,0.00,0.00,0.00,0.00,0.00,0.00,0.00,0.00,0.00,0.00,0.00,0.00,0.00,0.00,0.00,0.00,0.00,0.00,0.00,0.00,0.00,0.00,0.00,0.00,0.00,0.00,0.00,0.00,0.00,0.00,0.00,0.00,0.00,0.00,0.00,-0.05,0.00,0.00,0.00,0.00,0.00,0.00,0.00,0.00,0.00,0.00,0.00,0.00,0.00,0.02,0.00,0.00,0.00,0.00,0.00,0.00,0.00,0.00,0.00,0.00,0.00,0.00,0.00,0.00,0.00,0.00,0.00,0.00,-0.26,0.00,0.00,0.00,0.00,0.00,0.00,0.00,0.00,0.00,0.00,0.00,0.00,0.00,0.00,0.00,0.00,0.00,0.00,0.00,0.00,0.00,0.00,0.00,-0.02,0.00,-0.97,-0.14,0.00,0.00,0.00,0.00,0.00,0.00,0.00,0.00,0.00,0.00
EPS Diluted from Extraordinaries,,,,,,,,,,,,,,,,,,,,,,,,,,,,,,,,,,,,,,,,,,,,,,,,,,,,,,,,,,,,,,,,,,,,,,,,0.0001,,,-0.0503,,,,,,,,,,,,,,,,,,,,,,,,,,,,,,,,,,,,,,,,,,,,,,,,,,,,,,,,,,,,,,,,,,,,,,
Normalized Diluted EPS,1.20,2.377,2.84,-6.641,2.812,3.51,3.10,5.309,7.59,2.84,2.19,3.75,2.07,2.59,2.65,-0.2636,1.84,2.44,2.42,-3.169,2.18,2.31,2.26,2.46,1.23,1.57,1.53,2.103,1.225,1.39,1.45,2.014,1.65,1.57,4.161,-6.227,3.487,3.886,3.645,3.912,3.231,3.553,2.802,2.192,2.842,4.316,3.839,3.837,3.892,4.239,1.584,11.36,1.352,1.638,1.540,1.816,1.384,1.53,1.122,1.462,1.038,1.167,1.092,1.377,0.7126,0.8856,0.4179,0.9424,0.4962,0.8182,0.5138,0.8113,0.3981,0.5759,0.4059,0.3763,0.3677,0.6593,0.5885,0.8145,0.3675,0.5599,0.5206,0.7206,0.2721,0.6194,0.5066,0.5687,0.2159,0.4602,0.5888,0.1242,0.2706,0.3992,0.2710,0.4990,0.1210,0.3785,0.3281,0.3718,0.1736,0.3762,0.2772,0.3880,0.1198,0.2771,0.1604,0.2345,0.0537,0.1851,0.0836,0.1342,-0.1087,0.1491,0.0912,0.2033,-0.0436,0.2002,0.2191,0.1921,0.0449,0.1899,0.1559,0.20,0.12,0.26,0.23,0.25,0.18,0.21,0.25,0.21,0.18,0.17,0.26,0.19,0.13,0.18,0.17,0.23,0.09,0.06,0.05,0.15,0.15
EPS Diluted,1.20,2.13,2.84,-7.56,2.80,3.51,3.10,4.15,7.59,2.84,2.19,3.75,2.07,2.59,2.65,-0.2636,1.84,2.44,2.42,-3.169,2.18,2.31,2.26,2.46,1.23,1.57,1.53,0.95,1.13,1.39,1.45,1.74,1.65,1.57,1.46,1.75,0.73,0.89,1.20,1.33,0.76,1.10,0.58,-2.82,0.31,1.58,1.23,-0.78,1.26,1.54,1.58,1.96,1.35,1.64,1.53,1.82,1.38,1.53,1.10,1.46,1.03,1.15,1.08,1.36,0.68,0.30,0.42,0.92,0.49,0.81,0.52,0.78,0.39,0.81,0.36,0.37,0.37,0.67,0.58,0.83,0.39,0.57,0.52,0.73,0.26,0.62,0.50,0.57,0.07,0.46,0.61,-0.32,0.27,0.45,0.27,0.50,0.12,0.40,0.34,0.38,0.28,0.39,0.27,0.36,0.14,0.27,0.15,-0.03,0.05,0.18,0.06,0.17,-0.90,0.13,0.08,0.15,-0.50,0.18,0.21,0.20,0.03,0.18,0.15,0.20,0.12,0.26,0.23,0.25,0.18,0.21,0.25,0.19,0.18,-0.80,0.12,0.19,0.13,0.18,0.17,0.23,0.09,0.06,0.05,0.15,0.15
Average Basic Shares Outstanding,261.00M,261.00M,260.00M,265.00M,261.00M,262.00M,265.00M,264.00M,268.00M,268.00M,268.00M,266.00M,266.00M,266.00M,265.00M,270.00M,272.00M,279.00M,282.00M,280.00M,283.00M,283.00M,285.00M,292.00M,303.00M,315.00M,316.00M,318.00M,315.00M,314.00M,315.00M,315.00M,314.00M,315.00M,316.00M,318.00M,315.00M,314.00M,314.00M,312.00M,312.00M,312.00M,312.00M,311.00M,311.00M,311.00M,311.00M,309.00M,309.00M,309.00M,312.00M,309.05M,306.57M,305.99M,306.45M,305.87M,303.55M,303.87M,302.68M,303.19M,301.90M,300.00M,300.00M,303.44M,300.00M,293.55M,297.67M,298.07M,300.00M,298.00M,298.00M,299.28M,298.00M,298.00M,298.00M,298.59M,288.04M,285.01M,284.72M,285.37M,290.00M,295.17M,298.17M,299.30M,296.33M,295.11M,292.94M,295.36M,252.86M,292.95M,297.42M,292.19M,291.46M,230.26M,229.87M,220.20M,229.03M,229.04M,226.75M,218.30M,225.50M,225.54M,226.46M,233.51M,222.86M,221.11M,219.33M,212.04M,210.00M,210.56M,203.33M,217.73M,214.89M,203.85M,215.00M,159.17M,211.20M,207.78M,205.24M,219.90M,173.33M,205.56M,202.67M,205.00M,206.67M,201.92M,209.57M,220.63M,202.78M,209.52M,209.60M,219.96M,199.44M,206.12M,206.67M,205.81M,202.31M,193.89M,185.88M,166.59M,173.33M,170.00M,166.00M,186.38M,187.33M
Average Diluted Shares Outstanding,262.00M,262.00M,262.00M,265.00M,263.00M,266.00M,269.00M,272.00M,273.00M,272.00M,272.00M,270.00M,271.00M,270.00M,269.00M,273.00M,275.00M,283.00M,286.00M,284.00M,287.00M,287.00M,289.00M,295.00M,307.00M,319.00M,319.00M,320.00M,317.00M,315.00M,316.00M,317.00M,316.00M,316.00M,318.00M,320.00M,317.00M,316.00M,315.00M,312.00M,314.00M,314.00M,312.00M,312.00M,312.00M,312.00M,311.00M,312.00M,312.00M,312.00M,314.70M,310.81M,311.11M,311.59M,310.46M,312.92M,310.14M,307.84M,308.18M,306.80M,307.77M,307.83M,305.56M,303.44M,304.41M,303.33M,304.76M,305.09M,300.00M,303.00M,302.00M,304.68M,304.00M,302.00M,302.00M,302.75M,292.57M,289.26M,288.72M,293.66M,290.00M,300.35M,303.84M,303.99M,296.33M,297.85M,298.80M,300.51M,252.86M,298.56M,297.42M,296.33M,298.10M,230.26M,229.87M,229.38M,229.03M,229.04M,226.75M,226.40M,225.50M,225.54M,226.46M,233.51M,222.86M,221.11M,219.33M,212.04M,210.00M,210.56M,203.33M,217.73M,214.89M,203.85M,215.00M,159.17M,211.20M,207.78M,205.24M,219.90M,173.33M,205.56M,202.67M,205.00M,206.67M,201.92M,209.57M,220.63M,202.78M,209.52M,209.60M,219.96M,199.44M,206.12M,206.67M,205.81M,202.31M,193.89M,185.88M,166.59M,173.33M,170.00M,166.00M,186.38M,187.33M
Dividend Per Share,0.65,0.65,1.30,0.65,0.00,0.65,1.30,0.50,0.50,0.50,0.50,0.40,0.40,0.40,0.40,0.25,0.25,0.25,0.25,0.20,0.20,0.20,0.20,0.15,0.15,0.15,0.15,0.00,0.14,0.14,0.28,0.13,0.13,0.13,0.13,0.12,0.12,0.12,0.12,0.11,0.11,0.11,0.11,0.11,0.11,0.11,0.11,0.10,0.10,0.00,0.10,0.19,0.09,0.09,0.09,0.08,0.08,0.08,0.08,0.07,0.07,0.07,0.07,0.06,0.06,0.05,0.05,0.05,0.05,0.05,0.05,,,,,,,,,,,,,,,,,,,,,,,,,,,,,,,,,,,,,,,,,,,,,,,,,,,,,,,,,,,,,,,,,,,,,,,,,,
As Originally Reported,AOR,AOR,AOR,AOR,AOR,AOR,AOR,AOR,AOR,AOR,AOR,AOR,AOR,AOR,AOR,AOR,AOR,AOR,AOR,AOR,AOR,AOR,AOR,AOR,AOR,AOR,AOR,AOR,AOR,AOR,AOR,AOR,AOR,AOR,AOR,AOR,AOR,AOR,AOR,AOR,AOR,AOR,AOR,AOR,AOR,AOR,AOR,AOR,AOR,AOR,AOR,AOR,AOR,AOR,AOR,AOR,AOR,AOR,AOR,AOR,AOR,AOR,AOR,AOR,AOR,AOR,AOR,AOR,AOR,AOR,AOR,AOR,AOR,AOR,AOR,AOR,AOR,AOR,AOR,AOR,AOR,AOR,,AOR,,,,AOR,,,,,,,,,,,,,,,,,,,,,,,,,,,,,,,,,,,,,,,,,,,,,,,,,,,,,,,,,
Restated,,,,,Restated,Restated,Restated,Restated,Restated,Restated,Restated,Restated,Restated,Restated,Restated,Restated,Restated,Restated,Restated,Restated,Restated,Restated,Restated,Restated,Restated,Restated,Restated,Restated,Restated,Restated,Restated,Restated,Restated,Restated,Restated,Restated,Restated,Restated,Restated,Restated,Restated,Restated,Restated,Restated,Restated,Restated,Restated,Restated,Restated,Restated,Restated,Restated,Restated,Restated,Restated,Restated,Restated,Restated,Restated,Restated,Restated,Restated,Restated,Restated,Restated,Restated,Restated,Restated,Restated,,,Restated,,,,Restated,,,,Restated,,,,Restated,,,,Restated,,,,,,,,,,,,,,,,,,,,,,,,,,,,,,,,,,,,,,,,,,,,,,,,,,,,,,,,,
