Income (Quarterly),2019-12,2019-09,2019-06,2019-03,2018-12,2018-09,2018-06,2018-03,2017-12,2017-09,2017-06,2017-03,2016-12,2016-09,2016-06,2016-03,2015-12,2015-09,2015-06,2015-03,2014-12,2014-09,2014-06,2014-03,2013-12,2013-09,2013-06,2013-03,2012-12,2012-09,2012-06,2012-03,2011-12,2011-09,2011-06,2011-03,2010-12,2010-09,2010-06,2010-03,2009-12,2009-09,2009-06,2009-03,2008-12,2008-09,2008-06,2008-03,2007-12,2007-09,2007-06,2007-03,2006-12,2006-09,2006-06,2006-03,2005-12,2005-09,2005-06,2005-03,2004-12,2004-09,2004-06,2004-03,2003-12,2003-09,2003-06,2003-03,2002-12,2002-09,2002-06,2002-03,2001-12,2001-09,2001-06,2001-03,2000-12,2000-09,2000-06,2000-03,1999-12,1999-09,1999-06,1999-03,1998-12,1998-09,1998-06,1998-03,1997-12,1997-09,1997-06,1997-03,1996-12,1996-09,1996-06,1996-03,1995-12,1995-09,1995-06,1995-03,1994-12,1994-09,1994-06,1994-03,1993-12,1993-09,1993-06,1993-03,1992-12,1992-09,1992-06,1992-03,1991-12,1991-09,1991-06,1991-03,1990-12,1990-09,1990-06,1990-03,1989-12,1989-09,1989-06,1989-03,1988-12,1988-09,1988-06,1988-03,1987-12,1987-09,1987-06,1987-03,1986-12,1986-09,1986-06,1986-03,1985-12,1985-09,1985-06,1985-03,1984-12,1984-09,1984-06,1984-03
Operating Revenue,364.56M,283.77M,300.81M,396.48M,372.22M,296.01M,319.30M,409.36M,397.86M,297.10M,314.50M,436.47M,402.12M,303.35M,318.84M,418.17M,387.30M,313.65M,337.33M,446.49M,411.85M,301.56M,312.58M,446.58M,404.28M,289.48M,307.49M,482.91M,254.86M,340.63M,343.58M,452.26M,438.93M,343.71M,360.56M,476.59M,374.42M,367.17M,360.73M,456.42M,403.29M,314.69M,307.11M,487.47M,447.46M,382.68M,350.31M,496.31M,386.90M,267.66M,304.00M,459.19M,426.71M,293.00M,287.39M,499.20M,458.43M,265.68M,272.83M,362.66M,340.41M,241.55M,225.89M,343.73M,309.01M,238.75M,236.74M,338.89M,316.71M,199.98M,751.41M,326.82M,434.65M,232.11M,1.546B,2.025B,-3.741B,2.864B,1.353B,1.382B,1.536B,3.718B,1.412B,1.213B,1.023B,1.434B,633.00M,571.70M,486.80M,295.10M,236.30M,284.00M,281.30M,219.80M,195.90M,248.00M,240.20M,157.90M,159.00M,197.90M,190.40M,142.30M,147.20M,190.90M,177.20M,123.50M,126.90M,213.00M,163.10M,118.60M,118.80M,157.10M,168.30M,113.30M,123.90M,161.30M,151.60M,119.10M,127.70M,171.70M,162.00M,127.80M,125.80M,173.90M,140.00M,123.10M,123.90M,155.30M,118.50M,79.80M,82.10M,118.10M,101.10M,74.90M,83.40M,130.50M,127.90M,85.20M,97.00M,150.70M,118.10M,80.20M,92.10M,122.90M
Revenue,364.56M,283.77M,300.81M,396.48M,372.22M,296.01M,319.30M,409.36M,397.86M,297.10M,314.50M,436.47M,402.12M,303.35M,318.84M,418.17M,387.30M,313.65M,337.33M,446.49M,411.85M,301.56M,312.58M,446.58M,404.28M,289.48M,307.49M,482.91M,254.86M,340.63M,343.58M,452.26M,438.93M,343.71M,360.56M,476.59M,374.42M,367.17M,360.73M,456.42M,403.29M,314.69M,307.11M,487.47M,447.46M,382.68M,350.31M,496.31M,386.90M,267.66M,304.00M,459.19M,426.71M,293.00M,287.39M,499.20M,458.43M,265.68M,272.83M,362.66M,340.41M,241.55M,225.89M,343.73M,309.01M,238.75M,236.74M,338.89M,316.71M,199.98M,751.41M,326.82M,434.65M,232.11M,1.546B,2.025B,-3.741B,2.864B,1.353B,1.382B,1.536B,3.718B,1.412B,1.213B,1.023B,1.434B,633.00M,571.70M,486.80M,295.10M,236.30M,284.00M,281.30M,219.80M,195.90M,248.00M,240.20M,157.90M,159.00M,197.90M,190.40M,142.30M,147.20M,190.90M,177.20M,123.50M,126.90M,213.00M,163.10M,118.60M,118.80M,157.10M,168.30M,113.30M,123.90M,161.30M,151.60M,119.10M,127.70M,171.70M,162.00M,127.80M,125.80M,173.90M,140.00M,123.10M,123.90M,155.30M,118.50M,79.80M,82.10M,118.10M,101.10M,74.90M,83.40M,130.50M,127.90M,85.20M,97.00M,150.70M,118.10M,80.20M,92.10M,122.90M
Cost of Goods Sold,212.86M,179.89M,182.49M,228.68M,221.50M,187.26M,193.59M,238.74M,236.38M,191.09M,188.68M,244.21M,243.87M,200.65M,194.76M,243.32M,257.30M,218.99M,220.87M,292.55M,286.78M,214.35M,197.15M,297.22M,287.39M,210.94M,201.71M,340.41M,177.51M,264.26M,245.80M,320.38M,619.54M,171.39M,155.78M,248.12M,529.13M,201.11M,168.18M,259.57M,222.84M,173.70M,130.99M,295.42M,291.45M,251.33M,188.61M,324.15M,237.74M,150.32M,153.91M,307.71M,274.72M,159.04M,140.28M,321.73M,,,130.98M,222.16M,183.83M,136.00M,95.50M,203.26M,173.85M,122.59M,102.31M,,180.31M,91.10M,611.30M,185.79M,332.50M,114.34M,1.386B,1.860B,-4.002B,2.702B,1.287B,1.259B,,,,1.065B,829.50M,1.289B,,408.90M,,,,,,,,,,,,,,,,,,,,,,,,,,,,,,,,,,,,,,,,,,,,,,,,,,,,,,,,
Gross Profit,151.70M,103.88M,118.32M,167.80M,150.72M,108.75M,125.71M,170.62M,161.48M,106.00M,125.82M,192.26M,158.26M,102.70M,124.08M,174.85M,130.00M,94.66M,116.46M,153.94M,125.07M,87.21M,115.43M,149.36M,116.89M,78.53M,105.78M,142.50M,77.35M,76.38M,97.78M,131.88M,-180.61M,172.32M,204.78M,228.46M,-154.71M,166.06M,192.55M,196.85M,180.46M,140.99M,176.12M,192.05M,156.01M,131.35M,161.70M,172.16M,149.17M,117.34M,150.10M,151.47M,151.99M,133.96M,147.11M,177.47M,,,141.86M,140.51M,156.57M,105.55M,130.39M,140.47M,135.16M,116.16M,134.43M,,136.40M,108.88M,140.11M,141.03M,102.15M,117.77M,160.04M,164.70M,260.55M,162.08M,66.12M,123.31M,,,,147.80M,193.20M,144.70M,,162.80M,,,,,,,,,,,,,,,,,,,,,,,,,,,,,,,,,,,,,,,,,,,,,,,,,,,,,,,,
SG&A Expense,,,,,,,,,,,,,,,,,,,,,,,,,,,,,,,,,,92.30M,101.31M,90.93M,,85.82M,86.54M,81.71M,85.78M,75.80M,76.00M,75.02M,71.84M,67.20M,67.02M,65.56M,,,,,,,,,,,,,,26.48M,24.77M,25.50M,,22.78M,22.68M,27.86M,27.42M,22.04M,37.08M,25.22M,9.475M,25.46M,34.79M,33.60M,44.63M,30.53M,35.04M,24.71M,,,,30.50M,37.30M,30.00M,,26.20M,25.90M,24.60M,25.80M,18.60M,19.70M,19.30M,18.70M,20.70M,14.60M,14.80M,16.90M,16.10M,16.60M,12.70M,16.70M,13.50M,,,,,,,,,,,,,,,,,,,,,,,,,,,,,,,,,,,,,,,,
Special Income and Charges,6.585M,0.00,-0.011M,83.34M,5.456M,-0.965M,-0.983M,-0.672M,0.055M,-6.73M,-1.274M,0.00,8.475M,0.00,,,,,,2.215M,2.382M,2.189M,2.203M,2.034M,1.725M,1.595M,1.355M,1.391M,1.18M,1.127M,0.905M,0.843M,5.286M,-1.626M,-0.803M,-0.632M,6.828M,-0.807M,-0.969M,-2.068M,1.419M,0.153M,-0.21M,-1.048M,-2.751M,8.543M,2.637M,1.176M,-10.79M,2.156M,-1.39M,1.237M,1.311M,2.736M,2.078M,2.475M,,,1.84M,1.822M,4.601M,1.62M,2.716M,1.656M,5.394M,1.17M,0.436M,0.426M,2.63M,3.018M,3.504M,7.21M,1.315M,0.086M,11.46M,7.218M,-3.56M,9.95M,16.11M,3.362M,,,,18.10M,2.50M,2.40M,,10.80M,-6.90M,8.30M,-3.00M,6.80M,1.10M,6.90M,0.40M,16.80M,7.40M,0.90M,-0.90M,1.20M,7.40M,3.10M,3.70M,1.30M,,,,,,,,,,,,,,,,,,,,,,,,,,,,,,,,,,,,,,,,
Non Income Taxes,27.35M,23.46M,22.91M,31.94M,25.77M,25.10M,25.60M,30.83M,27.02M,23.27M,23.80M,32.66M,24.07M,22.67M,22.62M,29.38M,22.23M,22.27M,23.26M,29.90M,23.79M,21.00M,21.37M,28.15M,22.30M,18.71M,21.61M,25.82M,19.69M,18.12M,20.44M,25.17M,21.83M,16.83M,19.70M,24.99M,18.50M,15.84M,17.87M,21.17M,15.92M,16.28M,17.48M,26.90M,16.43M,15.32M,15.22M,25.08M,18.39M,15.01M,15.05M,24.00M,14.32M,15.17M,18.32M,22.07M,,,15.78M,20.29M,16.66M,14.17M,15.13M,20.34M,14.24M,13.42M,15.27M,17.86M,15.42M,13.99M,16.61M,20.22M,13.32M,10.51M,15.80M,17.78M,12.21M,13.94M,12.36M,16.11M,,,,15.10M,22.90M,11.40M,,14.70M,11.90M,12.10M,11.00M,15.00M,11.40M,10.90M,13.00M,13.70M,10.00M,11.00M,11.90M,14.10M,11.20M,10.90M,10.10M,13.10M,,,,,,,,,,,,,,,,,,,,,,,,,,,,,,,,,,,,,,,,
Operating Interest Expense,25.24M,25.10M,24.76M,25.08M,25.22M,23.39M,24.33M,24.06M,23.62M,23.27M,22.98M,23.01M,22.06M,21.29M,20.64M,20.50M,19.53M,19.17M,19.10M,19.10M,18.27M,17.54M,17.82M,18.19M,18.40M,18.46M,18.61M,18.87M,17.14M,18.62M,18.73M,18.75M,15.40M,18.86M,18.42M,18.59M,18.59M,19.00M,19.27M,19.26M,19.35M,15.33M,15.96M,16.40M,17.80M,18.90M,22.27M,20.62M,,,,,,,,,,,,,,,,,,,,,,,,,,,,,,,,,,,,,,,,,,,,,,,,,,,,,,,,,,,,,,,,,,,,,,,,,,,,,,,,,,,,,,,,,,,,,,,,
Operating Interest Income,,,,,,,,,,,,,,,,,,,,0.263M,0.375M,0.213M,0.301M,0.318M,0.212M,0.151M,0.246M,0.271M,0.165M,0.185M,0.379M,0.283M,-0.793M,0.957M,0.814M,0.438M,0.281M,0.432M,0.374M,0.689M,,,,1.236M,,,,0.841M,,,,,,,,,,,,,,,,,,,,,,,,,,,,,,,,,,,,,,,,,,,,,,,,,,,,,,,,,,,,,,,,,,,,,,,,,,,,,,,,,,,,,,,,,,,,,,,,
Net Operating Interest Income,-21.19M,-25.10M,-24.76M,-25.08M,-21.52M,-23.39M,-24.33M,-24.06M,-20.17M,-23.27M,-22.98M,-23.01M,-18.93M,-21.29M,-20.64M,-20.50M,-18.83M,-19.17M,-19.10M,-18.83M,-17.89M,-17.33M,-17.52M,-17.88M,-18.19M,-18.31M,-18.37M,-18.60M,-16.98M,-18.44M,-18.35M,-18.47M,-16.19M,-17.90M,-17.61M,-18.15M,-18.31M,-18.57M,-18.90M,-18.57M,-18.80M,-15.33M,-15.96M,-15.16M,-13.18M,-18.90M,-22.27M,-19.78M,,,,,,,,,,,,,,,,,,,,,,,,,,,,,,,,,,,,,,,,,,,,,,,,,,,,,,,,,,,,,,,,,,,,,,,,,,,,,,,,,,,,,,,,,,,,,,,,
Other Operating Expenses,,,,,,,,,,,,,,,,,,,,,,,,,,,,,,,,,,,,,,,,,,,,,,,,,64.03M,67.84M,72.36M,66.18M,63.80M,63.08M,64.79M,62.04M,,,55.47M,59.33M,,39.90M,,,,,,185.92M,,,,,,,,,0.00,,2.958M,6.847M,,,,,,,,,,,,,0.00,0.30M,14.00M,,,-3.00M,-3.00M,-3.00M,-2.80M,-2.60M,-2.50M,-2.80M,,,,,,,,,,,,,,,,,,,,,,,,,,,,,,,,,,,,,,,,
Total Operating Expenses,78.40M,73.64M,78.54M,81.07M,72.44M,71.34M,71.45M,75.74M,70.96M,66.37M,66.60M,74.84M,65.67M,63.10M,62.48M,68.76M,59.64M,58.75M,59.10M,64.37M,58.32M,54.45M,52.70M,59.02M,52.73M,48.71M,50.81M,57.44M,39.28M,49.77M,51.76M,55.49M,-233.39M,137.44M,149.26M,143.64M,-207.13M,128.32M,130.80M,129.02M,127.48M,117.24M,118.04M,126.20M,111.98M,106.02M,105.21M,113.10M,105.63M,105.46M,109.88M,112.54M,99.74M,99.87M,104.53M,106.53M,,,92.64M,102.32M,100.44M,101.01M,93.80M,97.26M,90.68M,88.04M,90.32M,283.90M,93.98M,85.27M,101.23M,94.53M,73.70M,84.15M,103.48M,99.25M,112.69M,94.18M,93.86M,94.24M,,,,117.50M,143.20M,120.30M,,106.20M,-294.20M,265.40M,201.60M,220.10M,242.50M,184.40M,165.50M,181.60M,180.50M,126.30M,118.90M,139.40M,143.60M,119.30M,113.10M,138.90M,,,,,,,,,,,,,,,,,,,,,,,,,,,,,,,,,,,,,,,,
Operating Income,73.31M,30.24M,39.78M,86.74M,78.28M,37.41M,54.26M,94.88M,90.52M,39.63M,59.22M,117.43M,92.59M,39.59M,61.59M,106.08M,70.37M,35.91M,57.36M,89.58M,66.75M,32.76M,62.73M,90.34M,64.15M,29.83M,54.97M,85.06M,38.08M,26.61M,46.02M,76.39M,52.78M,34.88M,55.52M,84.82M,52.42M,37.74M,61.75M,67.82M,52.98M,23.75M,58.08M,65.84M,44.03M,25.33M,56.49M,59.06M,43.54M,11.89M,40.22M,38.94M,52.25M,34.09M,42.58M,70.94M,-753.52M,265.68M,49.22M,38.18M,56.13M,4.545M,36.59M,43.21M,44.48M,28.12M,44.11M,54.99M,42.42M,23.61M,38.88M,46.51M,28.45M,33.62M,56.55M,65.45M,147.86M,67.90M,-27.74M,29.07M,-6.331B,3.718B,1.412B,30.30M,50.00M,24.40M,633.00M,56.60M,61.10M,29.70M,34.70M,63.90M,38.80M,35.40M,30.40M,66.40M,59.70M,31.60M,40.10M,58.50M,46.80M,23.00M,34.10M,52.00M,177.20M,123.50M,126.90M,213.00M,163.10M,118.60M,118.80M,157.10M,168.30M,113.30M,123.90M,161.30M,151.60M,119.10M,127.70M,171.70M,162.00M,127.80M,125.80M,173.90M,140.00M,123.10M,123.90M,155.30M,118.50M,79.80M,82.10M,118.10M,101.10M,74.90M,83.40M,130.50M,127.90M,85.20M,97.00M,150.70M,118.10M,80.20M,92.10M,122.90M
Non-Operating Interest Income,,,,,,,,,,,,,,,,,,,,0.263M,0.375M,0.213M,0.301M,0.318M,0.212M,0.151M,0.246M,0.271M,0.165M,0.185M,0.379M,0.283M,-0.793M,0.957M,0.814M,0.438M,0.281M,0.432M,0.374M,0.689M,,,,1.236M,,,,0.841M,,,,,,,,,,,,,,,,,,,,,,,,,,,,,,,,,,,,,,,,,,,,,,,,,,,,,,,,,,,,,,,,,,,,,,,,,,,,,,,,,,,,,,,,,,,,,,,,
Non-Operating Interest Expense,25.24M,25.10M,24.76M,25.08M,25.22M,23.39M,24.33M,24.06M,23.62M,23.27M,22.98M,23.01M,22.06M,21.29M,20.64M,20.50M,19.53M,19.17M,19.10M,19.10M,18.27M,17.54M,17.82M,18.19M,18.40M,18.46M,18.61M,18.87M,17.14M,18.62M,18.73M,18.75M,15.40M,18.86M,18.42M,18.59M,18.59M,19.00M,19.27M,19.26M,19.35M,15.33M,15.96M,16.40M,17.80M,18.90M,22.27M,20.62M,,,,,,,,,,,,,,,,,,,,,,,,,,,,,,,,,,,,,,,,,,,,,,,,,,,,,,,,,,,,,,,,,,,,,,,,,,,,,,,,,,,,,,,,,,,,,,,,
Net Non-Operating Interest Income Expense,-21.19M,-25.10M,-24.76M,-25.08M,-21.52M,-23.39M,-24.33M,-24.06M,-20.17M,-23.27M,-22.98M,-23.01M,-18.93M,-21.29M,-20.64M,-20.50M,-18.83M,-19.17M,-19.10M,-18.83M,-17.89M,-17.33M,-17.52M,-17.88M,-18.19M,-18.31M,-18.37M,-18.60M,-16.98M,-18.44M,-18.35M,-18.47M,-16.19M,-17.90M,-17.61M,-18.15M,-18.31M,-18.57M,-18.90M,-18.57M,-18.80M,-15.33M,-15.96M,-15.16M,-13.18M,-18.90M,-22.27M,-19.78M,,,,,,,,,,,,,,,,,,,,,,,,,,,,,,,,,,,,,,,,,,,,,,,,,,,,,,,,,,,,,,,,,,,,,,,,,,,,,,,,,,,,,,,,,,,,,,,,
Other Income and Expenses,1.886M,-0.18M,8.257M,84.24M,-2.305M,-2.344M,0.924M,-5.151M,-11.52M,-6.746M,-1.467M,1.06M,-10.14M,1.562M,3.041M,2.422M,2.409M,2.123M,1.836M,1.968M,2.708M,2.395M,2.754M,2.282M,0.516M,0.337M,1.946M,1.874M,-0.344M,-0.603M,1.222M,1.426M,5.078M,-1.626M,-0.803M,-0.632M,4.565M,-0.807M,-0.969M,-2.068M,1.419M,0.153M,-0.21M,-1.796M,-2.751M,8.543M,2.637M,1.176M,-10.79M,2.156M,-1.39M,1.237M,1.311M,2.736M,2.078M,2.475M,,,1.84M,1.822M,4.601M,1.62M,2.716M,1.656M,5.394M,1.17M,0.436M,0.426M,2.63M,3.018M,3.504M,7.21M,1.315M,0.086M,11.46M,7.218M,-3.56M,9.95M,16.11M,3.362M,,,,18.10M,2.50M,2.40M,,10.80M,-6.90M,8.30M,-3.00M,6.80M,1.10M,6.90M,0.40M,16.80M,7.40M,0.90M,-0.90M,1.20M,7.40M,3.10M,3.70M,1.30M,,,,,,,,,,,,,,,,,,,,,,,,,,,,,,,,,,,,,,,,
Net Interest Income,-21.19M,-25.10M,-24.76M,-25.08M,-21.52M,-23.39M,-24.33M,-24.06M,-20.17M,-23.27M,-22.98M,-23.01M,-18.93M,-21.29M,-20.64M,-20.50M,-18.83M,-19.17M,-19.10M,-18.83M,-17.89M,-17.33M,-17.52M,-17.88M,-18.19M,-18.31M,-18.37M,-18.60M,-16.98M,-18.44M,-18.35M,-18.47M,-16.19M,-17.90M,-17.61M,-18.15M,-18.31M,-18.57M,-18.90M,-18.57M,-18.80M,-15.33M,-15.96M,-15.16M,-13.18M,-18.90M,-22.27M,-19.78M,,,,,,,,,,,,,,,,,,,,,,,,,,,,,,,,,,,,,,,,,,,,,,,,,,,,,,,,,,,,,,,,,,,,,,,,,,,,,,,,,,,,,,,,,,,,,,,,
Pre-Tax Income,54.00M,4.959M,23.28M,145.90M,54.46M,11.68M,30.85M,65.67M,58.82M,9.611M,34.77M,95.48M,63.53M,19.87M,44.00M,88.01M,53.95M,18.87M,40.09M,72.71M,51.57M,17.83M,47.96M,74.75M,46.48M,11.85M,38.55M,68.34M,20.75M,7.57M,28.89M,59.35M,41.67M,15.35M,37.11M,66.04M,38.68M,18.36M,41.88M,47.18M,35.59M,8.581M,41.91M,48.89M,28.09M,14.98M,36.86M,40.45M,24.27M,-6.015M,22.97M,21.58M,30.42M,13.38M,21.33M,50.09M,,,28.53M,17.02M,34.73M,-15.48M,16.14M,21.81M,23.31M,7.676M,23.18M,31.91M,20.50M,4.904M,17.72M,27.10M,3.794M,8.875M,42.47M,53.69M,129.18M,58.04M,-26.86M,17.70M,,,,31.70M,34.40M,9.60M,,52.10M,37.10M,21.50M,62.80M,54.50M,24.20M,25.40M,15.50M,67.90M,51.60M,18.00M,24.70M,45.20M,40.70M,12.80M,26.00M,42.40M,,,,,,,,,,,,,,,,,,,,,,,,,,,,,,,,,,,,,,,,
Provision for Income Taxes,3.229M,-0.131M,-1.741M,30.02M,8.593M,1.548M,5.209M,10.71M,31.21M,5.153M,13.05M,33.34M,23.42M,7.606M,16.71M,30.34M,20.07M,6.115M,15.02M,26.25M,20.97M,7.301M,16.69M,27.28M,16.08M,3.367M,14.31M,25.24M,6.658M,1.608M,10.36M,21.14M,15.70M,3.717M,13.58M,23.64M,12.42M,5.03M,15.84M,17.87M,13.29M,-0.053M,15.62M,17.47M,10.08M,7.15M,13.30M,15.09M,10.20M,-2.14M,8.789M,7.487M,12.40M,3.31M,7.868M,18.52M,,,9.922M,6.83M,12.15M,-5.695M,6.008M,9.13M,8.204M,3.29M,10.46M,13.46M,8.459M,4.04M,8.39M,11.58M,-0.235M,2.764M,16.49M,21.57M,51.69M,23.50M,-5.37M,7.173M,,,,12.30M,12.90M,0.90M,,19.90M,13.80M,8.30M,14.30M,24.70M,10.00M,7.00M,6.50M,26.00M,19.00M,7.10M,9.50M,16.70M,14.00M,4.70M,10.30M,15.70M,,,,,,,,,,,,,,,,,,,,,,,,,,,,,,,,,,,,,,,,
Income from Continuing Operations,50.78M,5.09M,25.02M,115.88M,45.87M,10.13M,25.64M,54.96M,27.62M,4.458M,21.72M,62.14M,40.10M,12.26M,27.29M,57.66M,33.88M,12.75M,25.08M,46.46M,30.60M,10.53M,31.27M,47.47M,30.39M,8.483M,24.24M,43.10M,14.10M,5.962M,18.53M,38.21M,25.97M,11.64M,23.53M,42.40M,26.25M,13.33M,26.05M,29.32M,22.30M,8.634M,26.29M,31.42M,18.01M,7.828M,23.55M,25.36M,14.07M,-3.875M,14.18M,14.09M,18.03M,10.07M,13.46M,31.57M,25.23M,-9.037M,18.60M,10.19M,22.58M,-9.782M,10.13M,12.68M,15.10M,4.386M,12.71M,18.44M,12.04M,0.864M,9.331M,15.52M,4.029M,6.111M,25.98M,32.12M,77.48M,34.54M,-21.49M,10.52M,-26.84M,27.60M,8.50M,19.40M,21.50M,8.70M,15.60M,32.20M,23.30M,13.20M,48.50M,29.80M,14.20M,18.40M,9.00M,41.90M,32.60M,10.90M,15.20M,28.50M,26.70M,8.10M,15.70M,26.70M,23.60M,7.40M,15.80M,36.00M,23.00M,8.40M,15.40M,25.50M,19.30M,6.20M,19.30M,25.80M,17.40M,9.30M,18.90M,28.50M,19.60M,7.30M,16.70M,28.50M,20.40M,7.40M,15.60M,28.00M,41.30M,7.10M,11.50M,24.50M,13.60M,4.70M,12.50M,31.60M,20.70M,6.80M,21.10M,32.90M,14.40M,9.90M,17.70M,23.90M
Income from Discontinued Operations,,,,,,,,,,,,,,,,,4.662M,0.289M,0.196M,,1.639M,-0.055M,69.31M,1.515M,1.14M,3.448M,1.491M,,,,,,,,,,,,,,,,,,,,,,,,,,,,,,,,,,,,,,-0.019M,-0.066M,-3.744M,-1.12M,-0.565M,-2.479M,1.014M,-0.272M,-11.69M,-38.42M,-3.255M,-2.718M,,,,,,,,,,,,,,,,,,,,,,,,,,,,,,,,,0.00,1.50M,0.90M,,0.10M,0.70M,0.80M,,13.60M,-2.40M,2.20M,,,,,,,,,,,,,,,,,,,,,,,,,
"Extraordinary Items, Income Statement",,,,,,,,,,,,,,,,,,,,,,,,,,,,,,,,,,,,,,,,,,,,,,,,,,,,,,,,,,,,,0.00,,,-0.46M,0.00,,,-1.19M,0.00,,,-4.148M,,,,,,,,,,,,,,,,,,,,,,,,,,,,,,,,,,,,,,,,,,,,,,,,,,,,,,,,,,,,,,,,,,,,,,,,
Income Attributable to Minority Interest,0.00,0.00,0.303M,-0.087M,-0.026M,-0.01M,-0.067M,-0.066M,-0.037M,-0.007M,0.049M,-0.021M,-0.012M,-0.027M,-0.033M,-0.016M,-0.017M,-0.032M,-0.028M,-0.013M,-0.023M,-0.02M,0.289M,-0.482M,0.134M,-0.518M,-0.073M,-0.76M,-0.235M,-0.176M,-0.354M,0.175M,-1.368M,-0.935M,-0.527M,-0.485M,-0.521M,-0.988M,-0.507M,-0.507M,-0.252M,-0.495M,-0.437M,-0.393M,-0.528M,-0.469M,-0.007M,-0.133M,,,,,,,,,,,,,,,,,,,,,,,,,,,,,,,,,,,,,,,,,,,,,,,,,,,,,,,,,,,,,,,,,,,,,,,,,,,,,,,,,,,,,,,,,,,,,,,,
Preferred Stock Dividend,,,,,,,,,,,,,,,,,,,,,,,,,,,,,,,,,,,,,,,,,,,,,,,,,,,,,,,,,,,,,,,,,0.00,,0.547M,0.578M,0.578M,0.608M,0.608M,0.608M,0.608M,0.608M,0.608M,0.608M,0.608M,0.608M,0.608M,21.91M,,,,5.40M,6.20M,0.60M,,0.80M,0.80M,1.00M,1.80M,1.80M,1.80M,1.80M,2.10M,2.30M,2.20M,2.30M,2.30M,2.30M,2.30M,2.20M,2.10M,2.10M,,,,,,,,,,,,,,,,,,,,,,,,,,,,,,,,,,,,,,,,
Net Income,50.78M,5.09M,25.32M,115.79M,45.84M,10.12M,25.58M,54.89M,27.58M,4.451M,21.77M,62.12M,40.09M,12.23M,27.25M,57.65M,38.52M,13.01M,25.25M,46.45M,32.22M,10.45M,100.87M,48.50M,31.67M,11.41M,25.66M,42.34M,15.86M,5.786M,18.18M,38.39M,24.60M,10.70M,23.00M,41.92M,25.73M,12.35M,25.54M,28.81M,22.05M,8.139M,25.85M,31.03M,17.48M,7.359M,23.54M,25.23M,14.07M,-3.875M,14.18M,14.09M,18.03M,10.07M,13.46M,31.57M,25.23M,-9.037M,18.60M,10.19M,22.58M,-9.782M,10.13M,12.22M,15.08M,4.32M,8.969M,16.13M,11.48M,-1.615M,10.34M,11.10M,-7.662M,-32.31M,22.72M,29.40M,68.11M,34.54M,-21.49M,10.52M,-29.47M,27.60M,8.50M,19.40M,21.50M,8.70M,15.60M,32.20M,23.30M,13.20M,48.50M,29.80M,14.20M,18.40M,9.00M,41.90M,32.60M,10.90M,15.20M,28.50M,26.70M,8.10M,15.70M,26.70M,23.60M,7.40M,15.80M,36.00M,23.00M,9.90M,16.30M,25.50M,19.40M,6.90M,20.10M,25.80M,31.00M,6.90M,21.10M,28.50M,19.60M,7.30M,16.70M,28.50M,20.40M,7.40M,15.60M,28.00M,41.30M,7.10M,11.50M,24.50M,13.60M,4.70M,12.50M,31.60M,20.70M,6.80M,21.10M,32.90M,14.40M,9.90M,17.70M,23.90M
Normalized Income,44.58M,5.09M,25.33M,49.63M,41.25M,10.96M,26.39M,55.45M,27.54M,8.489M,22.57M,62.12M,34.74M,12.23M,27.25M,57.65M,33.86M,12.72M,25.05M,45.03M,28.93M,9.101M,30.00M,45.72M,30.60M,7.753M,23.22M,41.71M,13.32M,6.621M,17.65M,38.13M,21.31M,11.77M,23.51M,42.32M,21.09M,12.93M,26.14M,30.09M,21.16M,8.040M,25.98M,31.70M,19.25M,1.806M,21.86M,24.49M,21.09M,-5.264M,15.04M,13.29M,17.24M,8.014M,12.15M,30.01M,25.23M,-9.037M,17.40M,9.096M,19.59M,-10.81M,8.427M,11.69M,11.61M,3.684M,12.45M,18.19M,10.46M,-0.9468M,7.229M,11.19M,3.24M,6.052M,18.97M,27.79M,79.62M,28.57M,-34.38M,8.508M,-26.84M,27.60M,8.50M,8.323M,19.94M,6.525M,15.60M,25.53M,27.63M,8.104M,50.82M,25.72M,13.54M,13.40M,8.76M,31.53M,27.92M,10.36M,15.75M,27.74M,21.85M,6.138M,13.47M,25.88M,23.60M,7.40M,15.80M,36.00M,23.00M,8.40M,15.40M,25.50M,19.30M,6.20M,19.30M,25.80M,17.40M,9.30M,18.90M,28.50M,19.60M,7.30M,16.70M,,,,,,,,,,,,,,,,,,,,,
EBITDA,130.29M,80.25M,103.67M,220.10M,127.26M,82.22M,101.95M,135.55M,127.30M,76.90M,101.46M,161.57M,128.10M,82.50M,105.41M,148.80M,111.79M,75.43M,95.95M,127.18M,105.27M,69.73M,99.75M,127.52M,99.28M,64.22M,90.43M,118.82M,71.01M,57.84M,78.95M,108.42M,86.39M,62.51M,83.78M,112.35M,85.70M,64.02M,87.55M,92.59M,80.72M,49.06M,82.42M,110.35M,69.60M,64.85M,82.09M,111.13M,74.02M,34.49M,89.54M,61.30M,91.56M,102.08M,64.00M,93.37M,-736.30M,308.66M,70.61M,60.89M,76.54M,25.00M,58.34M,68.12M,70.17M,48.23M,76.29M,73.93M,131.89M,47.25M,56.99M,66.92M,46.32M,51.75M,74.56M,83.42M,156.13M,87.67M,-8.911M,48.22M,-6.331B,3.718B,1.412B,49.40M,68.30M,42.00M,633.00M,74.30M,79.30M,46.50M,52.20M,81.40M,57.60M,53.50M,48.40M,83.60M,71.70M,50.20M,58.70M,76.90M,64.60M,40.60M,51.50M,69.10M,177.20M,123.50M,126.90M,213.00M,163.10M,118.60M,118.80M,157.10M,168.30M,113.30M,123.90M,161.30M,151.60M,119.10M,127.70M,171.70M,162.00M,127.80M,125.80M,173.90M,140.00M,123.10M,123.90M,155.30M,118.50M,79.80M,82.10M,118.10M,101.10M,74.90M,83.40M,130.50M,127.90M,85.20M,97.00M,150.70M,118.10M,80.20M,92.10M,122.90M
Reconciled Depreciation,51.05M,50.19M,55.63M,49.12M,47.58M,47.15M,46.76M,45.82M,44.85M,44.01M,43.71M,43.08M,42.51M,41.34M,40.78M,40.29M,38.31M,37.39M,36.75M,35.38M,35.44M,34.36M,33.96M,34.58M,34.40M,33.90M,33.27M,31.62M,33.11M,31.65M,31.32M,30.32M,29.33M,28.30M,28.25M,27.72M,28.43M,26.65M,26.40M,26.15M,25.78M,25.16M,3.774M,45.06M,-7.709M,30.97M,19.32M,50.05M,30.49M,14.45M,49.32M,22.36M,39.31M,67.99M,21.42M,22.43M,17.22M,42.98M,21.39M,22.71M,20.40M,19.66M,21.75M,24.91M,25.69M,12.80M,32.18M,18.94M,89.47M,23.64M,15.69M,20.42M,17.87M,18.13M,18.01M,17.97M,8.274M,19.77M,18.74M,19.15M,,,,,,,,,,,,,,,,,,,,,,,,,,,,,,,,,,,,,,,,,,,,,,,,,,,,,,,,,,,,,,,,
EBIT,79.24M,30.06M,48.04M,170.98M,79.68M,35.06M,55.19M,89.73M,82.45M,32.88M,57.75M,118.49M,85.59M,41.16M,64.63M,108.51M,73.48M,38.04M,59.20M,91.81M,69.84M,35.37M,65.79M,92.94M,64.88M,30.32M,57.16M,87.21M,37.90M,26.19M,47.62M,78.10M,57.06M,34.21M,55.54M,84.63M,57.26M,37.37M,61.15M,66.44M,54.94M,23.91M,57.87M,65.28M,45.89M,33.88M,59.13M,61.08M,43.54M,11.89M,40.22M,38.94M,52.25M,34.09M,42.58M,70.94M,-753.52M,265.68M,49.22M,38.18M,56.13M,4.545M,36.59M,43.21M,44.48M,28.12M,44.11M,54.99M,42.42M,23.61M,38.88M,46.51M,28.45M,33.62M,56.55M,65.45M,147.86M,67.90M,-27.74M,29.07M,-6.331B,3.718B,1.412B,30.30M,50.00M,24.40M,633.00M,56.60M,61.10M,29.70M,34.70M,63.90M,38.80M,35.40M,30.40M,66.40M,59.70M,31.60M,40.10M,58.50M,46.80M,23.00M,34.10M,52.00M,177.20M,123.50M,126.90M,213.00M,163.10M,118.60M,118.80M,157.10M,168.30M,113.30M,123.90M,161.30M,151.60M,119.10M,127.70M,171.70M,162.00M,127.80M,125.80M,173.90M,140.00M,123.10M,123.90M,155.30M,118.50M,79.80M,82.10M,118.10M,101.10M,74.90M,83.40M,130.50M,127.90M,85.20M,97.00M,150.70M,118.10M,80.20M,92.10M,122.90M
EPS Basic from Continuing Operations,0.7559,0.08,0.38,1.76,0.6979,0.15,0.39,0.84,0.43,0.07,0.34,0.97,0.62,0.19,0.43,0.92,0.55,0.21,0.41,0.75,0.49,0.16,0.52,0.79,0.51,0.14,0.40,0.71,0.27,0.10,0.31,0.66,0.42,0.18,0.40,0.73,0.45,0.22,0.46,0.53,0.40,0.15,0.47,0.57,0.32,0.14,0.44,0.48,0.27,-0.07,0.27,0.27,0.35,0.21,0.27,0.65,0.52,-0.19,0.38,0.21,0.46,-0.20,0.21,0.26,0.31,0.09,0.25,0.37,0.00,0.00,0.18,0.32,-1.11,0.12,0.54,0.67,1.48,0.72,-0.47,-0.28,-0.89,0.61,0.08,0.35,0.31,0.14,0.27,0.56,0.41,0.22,0.83,0.50,0.22,0.30,0.12,0.71,0.54,0.16,0.23,0.48,0.46,0.11,0.25,0.46,0.41,0.10,0.27,0.67,0.41,0.14,0.28,0.50,0.35,0.09,0.37,0.51,0.3317,0.17,0.37,0.58,0.37,0.10,0.31,0.57,,0.09,0.27,0.53,,0.06,0.17,0.46,,0.01,0.20,0.61,,0.07,0.40,0.69,,0.12,0.35,0.52
EPS Basic from Discontinued Operations,,,,,,,,,,,,,0.00,,,,0.07,0.00,0.00,,0.03,0.00,1.16,0.02,0.02,0.05,0.03,,,,,,,0.00,0.00,0.00,,0.00,0.00,0.00,0.00,0.00,0.00,0.00,0.00,0.00,0.00,0.00,0.00,0.00,0.00,0.00,0.00,0.00,0.00,0.00,0.00,0.00,0.00,0.00,0.01,0.00,0.00,-0.01,0.00,0.00,-0.08,-0.02,0.13,-0.05,0.02,-0.01,0.94,-0.81,-0.07,-0.06,0.00,0.00,0.00,0.00,0.00,0.00,0.00,0.00,0.00,0.00,0.00,0.00,0.00,0.00,0.00,0.00,0.00,0.00,0.00,0.00,0.00,0.00,0.00,0.00,0.00,0.00,0.00,0.00,0.00,0.00,0.00,0.00,0.00,0.03,0.02,0.00,0.01,0.02,0.02,0.00,0.2930,0.24,0.05,0.00,0.00,0.00,0.00,0.00,,0.00,0.00,0.00,,0.00,0.00,0.00,,0.00,0.00,0.00,,0.00,0.00,0.00,,0.00,0.00,0.00
EPS Basic from Extraordinaries,,,,,,,,,,,,,,,,,,,,,,,,,,,,,,,,,,,,,,,,,,,,,,,,,,,,,,,,,,,,,0.00,,,0.00,0.00,,,0.00,0.00,,,0.00,,,,,,,,,,,,,,,,,,,,,,,,,,,,,,,,,,,,,,,,,,,,,,,,,,,,,,,,,,,,,,,,,,,,,,,,
Normalized Basic EPS,0.6633,0.08,0.3801,0.7534,0.6279,0.1627,0.4024,0.8486,0.4295,0.1327,0.3524,0.97,0.5366,0.19,0.43,0.92,0.55,0.21,0.41,0.7273,0.4635,0.1380,0.4941,0.7689,0.5112,0.1365,0.3842,0.6995,0.2610,0.1141,0.3011,0.6556,0.3635,0.1983,0.4088,0.7371,0.3685,0.2305,0.4710,0.5534,0.3838,0.1482,0.4724,0.5823,0.3524,0.0367,0.4084,0.4661,0.4026,-0.0963,0.2863,0.2547,0.3342,0.1681,0.2432,0.6180,0.52,-0.19,0.3553,0.1874,0.3983,-0.2211,0.1748,0.2395,0.2377,0.0755,0.2446,0.3647,-0.0329,-0.0378,0.1360,0.2293,-1.127,0.1188,0.3920,0.5783,1.525,0.5934,-0.7436,-0.3288,-0.89,0.61,0.08,0.0731,0.2789,0.1024,0.27,0.4410,0.4879,0.1281,0.8712,0.4271,0.2083,0.2097,0.1158,0.5241,0.4573,0.1499,0.2399,0.4661,0.3681,0.0734,0.2089,0.4447,0.41,0.10,0.27,0.67,0.41,0.14,0.28,0.50,0.35,0.09,0.37,0.51,0.3317,0.17,0.37,0.58,0.37,0.10,0.31,0.57,,0.09,0.27,0.53,,0.06,0.17,0.46,,0.01,0.20,0.61,,0.07,0.40,0.69,,0.12,0.35,0.52
EPS Basic,0.7559,0.08,0.38,1.76,0.6979,0.15,0.39,0.84,0.43,0.07,0.34,0.97,0.62,0.19,0.43,0.92,0.62,0.21,0.41,0.75,0.52,0.16,1.68,0.81,0.53,0.19,0.43,0.71,0.27,0.10,0.31,0.66,0.42,0.18,0.40,0.73,0.45,0.22,0.46,0.53,0.40,0.15,0.47,0.57,0.32,0.14,0.44,0.48,0.27,-0.07,0.27,0.27,0.35,0.21,0.27,0.65,0.52,-0.19,0.38,0.21,0.47,-0.20,0.21,0.25,0.31,0.09,0.17,0.32,0.22,-0.05,0.20,0.22,-0.17,-0.69,0.47,0.61,1.48,0.72,-0.47,-0.28,-0.89,0.61,0.08,0.35,0.31,0.14,0.27,0.56,0.41,0.22,0.83,0.50,0.22,0.30,0.12,0.71,0.54,0.16,0.23,0.48,0.46,0.11,0.25,0.46,0.41,0.10,0.27,0.67,0.41,0.17,0.30,0.50,0.36,0.11,0.39,0.51,0.6247,0.41,0.42,0.58,0.37,0.10,0.31,0.57,,0.09,0.27,0.53,,0.06,0.17,0.46,,0.01,0.20,0.61,,0.07,0.40,0.69,,0.12,0.35,0.52
EPS Diluted from Continuing Operations,0.7559,0.08,0.38,1.76,0.6979,0.15,0.39,0.83,0.42,0.07,0.34,0.96,0.62,0.19,0.43,0.92,0.55,0.21,0.40,0.74,0.48,0.16,0.52,0.79,0.51,0.14,0.40,0.71,0.26,0.10,0.31,0.65,0.42,0.18,0.39,0.73,0.45,0.22,0.46,0.52,0.40,0.15,0.47,0.57,0.32,0.13,0.44,0.47,0.27,-0.07,0.26,0.26,0.35,0.20,0.27,0.64,0.52,-0.19,0.38,0.21,0.46,-0.2020,0.21,0.26,0.31,0.09,0.25,0.37,0.00,0.00,0.18,0.32,-1.11,0.12,0.54,0.67,1.430,0.0471,-0.47,-0.28,-0.89,0.52,0.08,0.34,0.31,0.14,0.27,0.56,0.41,0.22,0.83,0.50,0.22,0.30,0.12,0.71,0.54,0.16,0.23,0.48,0.46,0.11,0.25,0.46,0.41,0.10,0.27,0.67,0.41,0.14,0.28,0.50,0.35,0.09,0.37,0.51,0.3317,0.17,0.37,0.58,0.37,0.10,0.31,0.57,,0.09,0.27,0.53,,0.06,0.17,0.46,,0.01,0.20,0.61,,0.07,0.40,0.69,,0.12,0.35,0.52
EPS Diluted from Discontinued Operations,,,,,,,,,,,,,0.00,,,,0.07,0.00,0.00,,0.03,0.00,1.15,0.02,0.02,0.05,0.03,,,,,,,0.00,0.00,0.00,,0.00,0.00,0.00,0.00,0.00,0.00,0.00,0.00,0.00,0.00,0.00,0.00,0.00,0.00,0.00,0.00,0.00,0.00,0.00,0.00,0.00,0.00,0.00,0.00,0.00,0.00,-0.01,0.00,0.00,-0.08,-0.0233,-0.10,-0.05,0.02,-0.01,-0.24,-0.81,-0.07,-0.06,,0.00,0.00,0.00,-0.14,0.00,0.00,0.00,,0.00,0.00,0.00,0.00,0.00,0.00,0.00,0.00,0.00,0.00,0.00,0.00,0.00,0.00,0.00,0.00,0.00,0.00,0.00,0.00,0.00,0.00,0.00,0.00,0.03,0.02,0.00,0.01,0.02,0.02,0.00,0.2930,0.24,0.05,0.00,0.00,0.00,0.00,0.00,,0.00,0.00,0.00,,0.00,0.00,0.00,,0.00,0.00,0.00,,0.00,0.00,0.00,,0.00,0.00,0.00
EPS Diluted from Extraordinaries,,,,,,,,,,,,,,,,,,,,,,,,,,,,,,,,,,,,,,,,,,,,,,,,,,,,,,,,,,,,,0.0000,,,-0.0095,0.0000,,,-0.0247,0.0001,,,-0.0870,,,,,,,,,,,,,,,,,,,,,,,,,,,,,,,,,,,,,,,,,,,,,,,,,,,,,,,,,,,,,,,,,,,,,,,,
Normalized Diluted EPS,0.6637,0.08,0.3801,0.7565,0.6281,0.1627,0.4024,0.8385,0.4195,0.1322,0.3523,0.96,0.5372,0.19,0.43,0.92,0.55,0.21,0.40,0.7175,0.4537,0.1381,0.4942,0.7690,0.5112,0.1365,0.3842,0.6995,0.2510,0.1141,0.3011,0.6456,0.3637,0.1983,0.3988,0.7371,0.3689,0.2305,0.4709,0.5433,0.3839,0.1482,0.4724,0.5823,0.3522,0.0276,0.4086,0.4562,0.4017,-0.0963,0.2761,0.2448,0.3345,0.1587,0.2436,0.6084,0.52,-0.19,0.3555,0.1876,0.3988,-0.2232,0.1751,0.2397,0.2386,0.0756,0.2446,0.3647,-0.0329,-0.0378,0.1360,0.2293,-1.127,0.1188,0.3920,0.5783,1.475,0.0388,-0.7436,-0.2872,-0.89,0.52,0.08,0.0710,0.2789,0.1024,0.27,0.4410,0.4873,0.1281,0.8712,0.4271,0.2083,0.2097,0.1158,0.5241,0.4573,0.1499,0.2399,0.4661,0.3697,0.0734,0.2089,0.4447,0.41,0.10,0.27,0.67,0.41,0.14,0.28,0.50,0.35,0.09,0.37,0.51,0.3317,0.17,0.37,0.58,0.37,0.10,0.31,0.57,,0.09,0.27,0.53,,0.06,0.17,0.46,,0.01,0.20,0.61,,0.07,0.40,0.69,,0.12,0.35,0.52
EPS Diluted,0.7559,0.08,0.38,1.76,0.6979,0.15,0.39,0.83,0.42,0.07,0.34,0.96,0.62,0.19,0.43,0.92,0.62,0.21,0.40,0.74,0.51,0.16,1.67,0.81,0.53,0.19,0.43,0.71,0.26,0.10,0.31,0.65,0.42,0.18,0.39,0.73,0.45,0.22,0.46,0.52,0.40,0.15,0.47,0.57,0.32,0.13,0.44,0.47,0.27,-0.07,0.26,0.26,0.35,0.20,0.27,0.64,0.52,-0.19,0.38,0.21,0.46,-0.2020,0.21,0.25,0.31,0.09,0.17,0.32,0.22,-0.05,0.20,0.22,-0.18,-0.69,0.47,0.61,1.430,0.0471,-0.47,-0.28,-0.89,0.52,0.08,0.34,0.31,0.14,0.27,0.56,0.41,0.22,0.83,0.50,0.22,0.30,0.12,0.71,0.54,0.16,0.23,0.48,0.46,0.11,0.25,0.46,0.41,0.10,0.27,0.67,0.41,0.17,0.30,0.50,0.36,0.11,0.39,0.51,0.6247,0.41,0.42,0.58,0.37,0.10,0.31,0.57,,0.09,0.27,0.53,,0.06,0.17,0.46,,0.01,0.20,0.61,,0.07,0.40,0.69,,0.12,0.35,0.52
Average Basic Shares Outstanding,66.93M,66.26M,65.89M,65.73M,65.69M,65.69M,65.68M,65.64M,64.81M,64.41M,64.40M,64.36M,64.19M,63.86M,63.39M,62.60M,62.31M,62.30M,62.28M,62.32M,62.29M,63.93M,60.18M,60.12M,60.04M,59.99M,59.94M,59.87M,59.78M,59.05M,58.70M,58.58M,58.30M,58.06M,57.79M,57.34M,56.86M,55.62M,55.03M,54.87M,54.80M,54.71M,54.65M,54.62M,54.45M,53.77M,53.30M,53.02M,52.88M,52.83M,52.78M,52.68M,49.80M,49.10M,48.96M,48.80M,48.57M,48.54M,48.51M,48.48M,48.45M,48.42M,48.38M,48.35M,48.32M,48.28M,48.22M,48.10M,47.98M,47.87M,47.77M,47.67M,47.57M,47.49M,47.37M,47.24M,47.18M,47.15M,47.11M,41.30M,35.62M,36.63M,40.18M,40.00M,50.17M,57.86M,54.81M,56.07M,55.65M,55.45M,56.27M,56.00M,56.32M,55.33M,57.50M,55.77M,56.55M,53.75M,56.09M,54.58M,52.81M,53.64M,54.40M,53.48M,52.87M,53.00M,50.74M,50.60M,51.37M,48.82M,49.00M,48.00M,47.58M,41.82M,45.64M,45.88M,46.42M,44.90M,45.95M,44.14M,44.89M,44.00M,44.52M,44.59M,44.62M,44.57M,44.55M,44.55M,44.55M,44.48M,44.45M,44.40M,44.37M,43.97M,43.48M,43.12M,43.45M,42.78M,42.03M,42.03M,42.01M,41.18M,40.72M,40.69M
Average Diluted Shares Outstanding,67.17M,66.35M,65.96M,65.94M,65.84M,66.03M,65.98M,65.93M,65.31M,64.89M,64.55M,64.47M,64.62M,64.32M,63.78M,62.91M,62.76M,62.69M,62.60M,62.89M,62.67M,64.24M,60.46M,60.17M,60.10M,60.03M,59.96M,59.90M,59.78M,59.12M,58.92M,58.95M,58.57M,58.23M,58.14M,57.41M,57.14M,55.80M,55.23M,55.12M,55.12M,55.09M,54.83M,54.72M,54.82M,54.20M,53.70M,53.38M,53.25M,52.83M,53.31M,53.32M,50.69M,49.90M,49.69M,49.30M,48.78M,48.54M,48.90M,48.90M,48.85M,48.42M,48.88M,49.04M,48.98M,48.69M,48.33M,48.12M,47.98M,47.87M,47.77M,47.67M,47.64M,47.49M,47.37M,47.24M,47.21M,720.00M,47.11M,280.00M,36.07M,36.63M,40.18M,41.18M,50.17M,57.86M,54.81M,56.07M,56.06M,55.45M,56.27M,56.00M,56.32M,55.33M,57.50M,55.77M,56.55M,53.75M,56.09M,54.58M,53.78M,53.64M,54.40M,53.48M,52.87M,53.00M,50.74M,50.60M,51.37M,48.82M,49.00M,48.00M,47.58M,41.82M,45.64M,45.88M,46.42M,44.90M,45.95M,44.14M,44.89M,44.00M,44.52M,44.59M,44.62M,44.57M,44.55M,44.55M,44.55M,44.48M,44.45M,44.40M,44.37M,43.97M,43.48M,43.12M,43.45M,42.78M,42.03M,42.03M,42.01M,41.18M,40.72M,40.69M
Dividend Per Share,0.3875,0.3875,0.3875,0.3875,0.3725,0.3725,0.3725,0.3725,0.3575,0.3575,0.3575,0.3575,0.3425,0.3425,0.3425,0.3425,0.33,0.33,0.33,0.33,0.3175,0.3175,0.3175,0.3175,0.305,0.305,0.305,0.305,0.29,0.29,0.29,0.29,0.275,0.275,0.275,0.275,0.25,0.25,0.25,0.25,0.21,0.21,0.21,0.18,0.18,0.18,0.165,0.165,0.15,0.15,0.15,0.145,0.145,0.145,0.14,0.14,0.14,0.135,0.135,0.135,0.13,0.13,0.13,0.125,0.125,0.125,0.12,0.12,0.12,0.12,0.12,0.12,0.12,0.12,0.12,0.12,0.12,0.12,0.12,0.12,0.12,0.12,0.12,0.12,0.12,0.31,0.31,0.31,0.31,0.31,0.31,0.31,0.31,0.31,0.31,0.31,0.31,0.31,0.31,0.31,0.31,0.31,0.31,0.31,0.31,0.31,0.31,0.31,0.31,0.31,0.31,0.31,0.31,0.31,0.31,0.31,0.31,0.31,0.31,0.31,0.31,0.31,0.31,0.31,0.31,0.31,0.31,0.31,0.31,0.31,0.31,0.31,0.31,0.31,0.31,0.31,0.31,0.31,0.31,0.31,,,,
As Originally Reported,AOR,AOR,AOR,AOR,AOR,AOR,AOR,AOR,AOR,AOR,AOR,AOR,AOR,AOR,AOR,AOR,AOR,AOR,AOR,AOR,AOR,AOR,AOR,AOR,AOR,AOR,AOR,AOR,AOR,AOR,AOR,AOR,AOR,AOR,AOR,AOR,AOR,AOR,AOR,AOR,AOR,AOR,AOR,AOR,,,,,,,,,,,,,,,,,,,,,,,,,,,,,,,,,,,,,,,,,,,,,,,,,,,,,,,,,,,,,,,,,,,,,,,,,,,,,,,,,,,,,,,,,,,,,,,,,,,,
Restated,,,,,Restated,Restated,Restated,Restated,Restated,Restated,Restated,Restated,Restated,Restated,Restated,Restated,Restated,Restated,Restated,Restated,Restated,Restated,Restated,Restated,Restated,Restated,Restated,Restated,Restated,Restated,Restated,Restated,Restated,Restated,Restated,Restated,Restated,Restated,Restated,Restated,Restated,Restated,Restated,Restated,Restated,Restated,Restated,Restated,,,,,,,,,,,,,,,,,,,,,,,,,,,,,,,,,,,,,,,,,,,,,,,,,,,,,,,,,,,,,,,,,,,,,,,,,,,,,,,,,,,,,,,,,,,,,,,,
