Income (Quarterly),2019-12,2019-09,2019-06,2019-03,2018-12,2018-09,2018-06,2018-03,2017-12,2017-09,2017-06,2017-03,2016-12,2016-09,2016-06,2016-03,2015-12,2015-09,2015-06,2015-03,2014-12,2014-09,2014-06,2014-03,2013-12,2013-09,2013-06,2013-03,2012-12,2012-09,2012-06,2012-03,2011-12,2011-09,2011-06,2011-03,2010-12,2010-09,2010-06,2010-03,2009-12,2009-09,2009-06,2009-03,2008-12,2008-09,2008-06,2008-03,2007-12,2007-09,2007-06,2007-03,2006-12,2006-09,2006-06,2006-03,2005-12,2005-09,2005-06,2005-03,2004-12,2004-09,2004-06,2004-03,2003-12,2003-09,2003-06,2003-03,2002-12,2002-09,2002-06,2002-03,2001-12,2001-09,2001-06,2001-03,2000-12,2000-09,2000-06,2000-03,1999-12,1999-09,1999-06,1999-03,1998-12,1998-09,1998-06,1998-03,1997-12,1997-09,1997-06,1997-03,1996-12,1996-09,1996-06,1996-03,1995-12,1995-09,1995-06,1995-03,1994-12,1994-09,1994-06,1994-03,1993-12,1993-09,1993-06,1993-03,1992-12,1992-09,1992-06,1992-03,1991-12,1991-09,1991-06,1991-03,1990-12,1990-09,1990-06,1990-03,1989-12,1989-09,1989-06,1989-03,1988-12
Operating Revenue,463.45M,418.13M,470.48M,633.17M,669.70M,546.68M,457.24M,465.78M,426.76M,383.76M,443.99M,481.13M,352.23M,301.62M,271.98M,261.43M,266.22M,285.99M,309.85M,427.58M,464.55M,437.03M,532.24M,505.11M,482.65M,433.28M,446.86M,370.34M,367.20M,295.00M,263.67M,270.21M,261.84M,262.12M,240.70M,209.03M,217.37M,224.06M,200.24M,216.34M,233.49M,207.02M,204.82M,233.94M,232.47M,244.82M,248.85M,219.65M,193.92M,170.85M,175.83M,191.57M,171.68M,184.74M,190.79M,214.77M,225.08M,161.76M,151.88M,144.07M,154.64M,119.42M,119.74M,136.60M,121.25M,125.47M,124.50M,135.92M,103.55M,85.55M,89.58M,75.07M,80.32M,104.23M,107.61M,154.89M,114.85M,86.24M,82.45M,85.12M,174.40M,45.20M,40.24M,34.20M,131.50M,37.40M,41.70M,38.90M,52.10M,40.80M,39.40M,52.80M,49.10M,35.50M,37.30M,41.20M,56.40M,48.00M,51.40M,58.10M,59.00M,55.80M,56.50M,65.80M,48.90M,33.50M,37.40M,43.50M,48.40M,32.10M,29.40M,36.70M,42.80M,25.00M,28.20M,44.40M,48.50M,21.70M,28.30M,41.80M,36.20M,37.40M,37.40M,37.30M,37.30M
Revenue,461.37M,429.11M,534.12M,641.68M,716.30M,545.17M,453.45M,473.23M,400.50M,385.42M,460.46M,517.84M,316.49M,310.43M,246.82M,281.94M,280.79M,305.30M,306.30M,464.76M,618.00M,512.02M,533.19M,509.80M,487.46M,435.85M,449.68M,373.28M,369.88M,296.87M,265.66M,272.14M,268.02M,262.12M,240.70M,209.03M,222.46M,224.06M,200.24M,216.34M,233.49M,207.02M,204.82M,233.94M,232.47M,244.82M,248.85M,219.65M,193.92M,170.85M,175.83M,191.57M,171.68M,184.74M,190.79M,214.77M,225.08M,161.76M,151.88M,144.07M,154.64M,119.42M,119.74M,136.60M,121.25M,125.47M,126.76M,135.92M,103.55M,85.55M,89.58M,75.07M,80.32M,104.23M,107.61M,154.89M,114.85M,86.24M,82.45M,85.12M,174.40M,45.20M,40.24M,34.20M,131.50M,37.40M,41.70M,38.90M,52.10M,40.80M,39.40M,52.80M,49.10M,35.50M,37.30M,41.20M,56.40M,48.00M,51.40M,58.10M,59.00M,55.80M,56.50M,65.80M,48.90M,33.50M,37.40M,43.50M,48.40M,32.10M,29.40M,36.70M,42.80M,25.00M,28.20M,44.40M,48.50M,21.70M,28.30M,41.80M,36.20M,37.40M,37.40M,37.30M,37.30M
Cost of Goods Sold,277.76M,275.75M,255.93M,247.92M,292.80M,361.14M,294.84M,219.27M,291.77M,293.24M,295.55M,287.26M,281.69M,272.73M,283.59M,300.14M,292.63M,284.28M,289.80M,336.49M,317.13M,283.46M,284.18M,272.88M,300.24M,268.62M,247.72M,234.76M,202.94M,177.40M,181.31M,179.81M,408.76M,55.26M,48.45M,61.54M,371.63M,41.68M,40.91M,56.47M,9.974M,45.19M,44.15M,61.69M,33.10M,52.28M,54.07M,52.84M,62.41M,42.98M,41.88M,51.48M,52.19M,48.74M,48.15M,58.49M,66.66M,47.46M,39.37M,57.28M,51.80M,31.90M,36.28M,56.94M,49.20M,41.87M,51.03M,52.58M,43.11M,31.23M,39.66M,34.96M,51.85M,44.66M,52.00M,54.63M,49.96M,44.95M,50.11M,48.19M,125.60M,11.40M,9.70M,10.20M,106.00M,14.70M,10.50M,10.40M,12.50M,10.80M,10.60M,10.70M,12.10M,10.60M,10.30M,9.20M,-79.10M,142.10M,30.80M,35.40M,34.90M,32.40M,32.20M,37.60M,24.50M,7.70M,18.80M,21.70M,22.10M,15.60M,13.40M,17.20M,26.00M,11.20M,13.90M,10.50M,16.60M,18.00M,12.80M,17.20M,,,,,
Gross Profit,183.60M,153.36M,278.19M,393.76M,423.50M,184.03M,158.61M,253.95M,108.73M,92.18M,164.91M,230.58M,34.80M,37.70M,-36.78M,-18.20M,-11.84M,21.01M,16.49M,128.28M,300.88M,228.56M,249.01M,236.93M,187.23M,167.23M,201.96M,138.52M,166.94M,119.47M,84.35M,92.33M,-140.73M,206.85M,192.25M,147.48M,-149.18M,182.38M,159.33M,159.88M,223.52M,161.83M,160.67M,172.24M,199.36M,192.54M,194.79M,166.81M,131.50M,127.86M,133.95M,140.09M,119.49M,136.01M,142.64M,156.28M,158.42M,114.30M,112.51M,86.79M,102.84M,87.52M,83.46M,79.66M,72.04M,83.60M,75.73M,83.34M,60.44M,54.32M,49.92M,40.12M,28.47M,59.57M,55.61M,100.26M,64.89M,41.29M,32.34M,36.93M,48.80M,33.80M,30.54M,24.00M,25.50M,22.70M,31.20M,28.50M,39.60M,30.00M,28.80M,42.10M,37.00M,24.90M,27.00M,32.00M,135.50M,-94.10M,20.60M,22.70M,24.10M,23.40M,24.30M,28.20M,24.40M,25.80M,18.60M,21.80M,26.30M,16.50M,16.00M,19.50M,16.80M,13.80M,14.30M,33.90M,31.90M,3.70M,15.50M,24.60M,,,,,
General and Administrative Expense,22.50M,18.39M,22.89M,31.09M,30.63M,20.72M,21.23M,24.06M,26.88M,23.24M,23.96M,23.70M,18.44M,19.37M,19.94M,27.87M,14.38M,11.10M,19.98M,22.53M,21.25M,19.58M,20.13M,21.64M,22.60M,24.70M,21.61M,35.70M,27.99M,23.83M,46.87M,22.55M,,,,,,,,,,,,,,,,,,,,,,,,,,,,,,,,,,,,,,,,,,,,,,,,,,,,,,,,,,,,,,,,,,,,,,,,,,,,,,,,,,,,,,,,,,,,,
SG&A Expense,22.50M,18.39M,22.89M,31.09M,30.63M,20.72M,21.23M,24.06M,26.88M,23.24M,23.96M,23.70M,18.44M,19.37M,19.94M,27.87M,14.38M,11.10M,19.98M,22.53M,21.25M,19.58M,20.13M,21.64M,22.60M,24.70M,21.61M,35.70M,27.99M,23.83M,46.87M,22.55M,26.41M,27.95M,26.01M,24.30M,29.50M,21.08M,12.85M,15.75M,19.27M,14.92M,17.12M,17.06M,13.34M,,33.48M,27.57M,9.815M,9.715M,12.96M,18.28M,19.69M,10.72M,13.52M,13.85M,10.31M,9.679M,12.34M,12.37M,9.436M,9.001M,12.31M,9.299M,6.543M,5.802M,6.172M,96.86M,7.10M,5.966M,9.572M,5.739M,0.575M,10.47M,5.691M,5.946M,-7.144M,6.281M,5.331M,4.887M,3.80M,5.60M,5.10M,5.60M,2.70M,6.20M,6.90M,5.50M,5.80M,5.00M,4.70M,4.20M,4.80M,4.00M,4.30M,3.70M,4.10M,3.30M,5.20M,4.30M,1.90M,5.40M,5.20M,4.20M,7.70M,4.50M,4.70M,4.20M,8.30M,5.40M,4.90M,4.80M,2.30M,7.60M,8.20M,7.30M,9.50M,0.60M,6.50M,7.10M,,,,,
Special Income and Charges,0.002M,0.036M,0.00,-1.50M,-1.477M,25.66M,0.544M,-41.05M,-412.32M,-11.87M,-69.96M,-0.223M,-436.71M,-1.245M,-5.587M,1.354M,-114.82M,3.756M,-0.079M,0.138M,-751.18M,0.046M,-1.496M,-1.285M,16.75M,4.421M,0.276M,-0.096M,-16.41M,-0.126M,67.70M,-0.535M,26.97M,3.854M,34.07M,-1.517M,95.77M,-35.52M,4.387M,0.759M,-17.64M,0.572M,-23.29M,-22.01M,13.80M,-16.82M,-5.919M,-9.502M,-4.629M,-20.96M,-8.224M,-0.052M,-5.355M,222.08M,-7.762M,-6.953M,-3.64M,-8.169M,0.059M,,-3.691M,-12.90M,-0.172M,0.059M,-0.094M,-9.426M,-0.032M,0.56M,-7.939M,-4.89M,0.429M,-0.018M,-33.57M,-0.231M,-0.031M,0.004M,-31.23M,0.026M,-18.31M,-0.021M,-25.40M,4.50M,1.80M,1.10M,-8.40M,0.10M,,1.20M,-0.20M,,-0.50M,-0.60M,0.20M,,-0.70M,0.80M,-111.80M,,,-14.40M,,,,,0.60M,,1.00M,0.70M,-2.10M,0.70M,1.30M,1.70M,-0.20M,,,2.00M,1.90M,6.50M,0.80M,2.40M,,,,,
Non Income Taxes,2.959M,4.607M,3.64M,5.847M,7.208M,2.852M,5.392M,7.19M,6.925M,9.194M,8.31M,9.058M,5.486M,8.771M,8.973M,5.994M,8.511M,11.41M,11.61M,11.28M,10.22M,10.93M,12.82M,13.04M,8.462M,11.53M,11.36M,11.69M,9.001M,10.44M,10.85M,18.58M,6.506M,7.042M,5.877M,8.151M,6.759M,8.489M,11.84M,10.80M,10.12M,10.72M,10.91M,12.90M,9.791M,20.63M,19.22M,16.90M,11.66M,14.38M,14.58M,13.16M,10.91M,14.37M,14.58M,15.50M,17.24M,14.94M,12.40M,9.718M,10.88M,10.12M,9.921M,10.10M,8.962M,9.301M,8.651M,10.22M,5.834M,5.273M,7.475M,6.152M,7.177M,4.547M,6.715M,9.902M,7.471M,6.016M,4.954M,4.601M,4.40M,4.80M,4.20M,3.60M,3.70M,3.80M,4.00M,3.80M,3.90M,3.50M,3.50M,4.10M,3.40M,2.90M,3.10M,3.40M,2.40M,3.00M,2.90M,2.90M,3.20M,3.30M,3.00M,2.60M,2.70M,2.30M,2.30M,2.20M,2.00M,1.80M,1.60M,1.70M,2.40M,1.10M,1.50M,2.00M,1.80M,1.00M,1.40M,1.50M,,,,,
Operating Interest Expense,,,,,,,,,,,,,,,21.96M,24.38M,,24.51M,24.17M,23.57M,23.47M,17.42M,16.33M,16.56M,16.68M,16.07M,16.99M,16.26M,16.72M,16.22M,18.50M,16.92M,17.74M,18.52M,18.04M,17.37M,20.50M,16.76M,,14.91M,14.85M,14.86M,15.05M,14.23M,,,6.207M,,,,,,,,,,,,,,,,,,,,,,,,,,,,,,,,,,,,,,,,,,,,,,,,,,,,,,,,,,,,,,,,,,,,,,,,,,,,,,
Net Operating Interest Income,-14.65M,-13.55M,-14.57M,-12.18M,-15.62M,-14.19M,-23.33M,-20.06M,-20.41M,-20.33M,-20.62M,-20.77M,-20.52M,-21.48M,-21.96M,-24.38M,-24.67M,-24.51M,-24.17M,-23.57M,-23.47M,-17.42M,-16.33M,-16.56M,-16.68M,-16.07M,-16.99M,-16.26M,-16.72M,-16.22M,-18.50M,-16.92M,-17.74M,-18.52M,-18.04M,-17.37M,-20.50M,-16.76M,-15.77M,-14.91M,-14.85M,-14.86M,-15.05M,-14.23M,,,-6.207M,,,,,,,,,,,,,,,,,,,,,,,,,,,,,,,,,,,,,,,,,,,,,,,,,,,,,,,,,,,,,,,,,,,,,,,,,,,,,,
Other Operating Expenses,5.241M,4.481M,4.504M,6.044M,45.65M,10.05M,54.50M,3.617M,4.903M,6.466M,3.959M,6.198M,14.55M,2.988M,3.738M,6.383M,8.50M,4.93M,5.298M,8.732M,8.783M,8.812M,4.676M,6.474M,5.721M,3.891M,4.529M,4.024M,7.928M,9.303M,16.24M,4.001M,5.357M,20.19M,4.592M,,14.40M,9.665M,10.23M,,,,,,31.60M,-0.209M,,,-1.155M,0.049M,-4.422M,-7.92M,-1.67M,-229.73M,-0.004M,-0.207M,0.00,-0.015M,-0.059M,,0.131M,-0.12M,0.172M,-0.059M,-4.58M,-6.988M,2.292M,-0.56M,-0.049M,0.216M,-0.429M,0.018M,,0.231M,0.031M,,,-0.026M,,,,,,,,,,,,,,,,,,,,,,,,,,,,,,,,,,,,,,,,,,,,,,,
Total Operating Expenses,30.70M,27.48M,31.03M,42.98M,83.49M,33.62M,81.12M,34.87M,38.71M,38.90M,36.23M,38.96M,38.48M,31.13M,32.66M,40.25M,31.40M,27.44M,36.89M,42.54M,40.25M,39.32M,37.62M,41.15M,36.78M,40.12M,37.50M,51.42M,44.92M,43.57M,73.97M,45.13M,-212.37M,145.47M,119.70M,109.57M,-184.92M,124.59M,111.65M,100.05M,142.47M,87.68M,83.14M,85.75M,107.25M,69.31M,95.18M,85.99M,58.87M,61.89M,57.38M,56.92M,61.09M,-172.56M,60.88M,61.07M,56.66M,51.18M,50.79M,48.74M,47.21M,46.73M,47.02M,43.57M,34.91M,31.76M,40.88M,130.03M,37.31M,36.88M,40.07M,35.12M,33.31M,37.97M,28.64M,31.74M,15.42M,25.49M,22.75M,22.14M,20.00M,24.20M,24.10M,22.20M,16.40M,21.10M,21.20M,19.10M,19.00M,19.10M,18.30M,18.80M,20.40M,17.30M,17.70M,16.90M,15.50M,17.70M,21.20M,20.90M,21.80M,23.80M,22.80M,16.70M,20.10M,23.20M,15.40M,14.10M,18.10M,14.90M,14.20M,14.80M,10.50M,14.60M,15.90M,24.50M,18.90M,5.80M,13.90M,14.80M,,,,,
Operating Income,152.90M,125.88M,247.16M,350.78M,340.01M,150.41M,77.49M,219.09M,70.02M,53.28M,128.68M,191.63M,-3.682M,6.57M,-69.43M,-58.45M,-43.23M,-6.428M,-20.40M,85.74M,260.63M,189.23M,211.39M,195.77M,150.45M,127.11M,164.46M,87.11M,122.02M,75.90M,10.38M,47.20M,71.64M,61.38M,72.55M,37.91M,35.74M,57.80M,47.68M,59.83M,81.05M,74.15M,77.53M,86.50M,92.12M,123.23M,99.60M,80.82M,72.63M,65.98M,76.57M,83.17M,58.41M,308.57M,81.76M,95.21M,101.76M,63.12M,61.72M,38.04M,55.63M,40.79M,36.44M,36.09M,37.14M,51.84M,34.85M,-46.69M,23.12M,17.45M,9.85M,4.996M,-4.837M,21.60M,26.98M,68.52M,49.47M,15.80M,9.589M,14.79M,28.80M,9.60M,6.437M,1.80M,9.10M,1.60M,10.00M,9.40M,20.60M,10.90M,10.50M,23.30M,16.60M,7.60M,9.30M,15.10M,120.00M,-111.80M,-0.60M,1.80M,2.30M,-0.40M,1.50M,11.50M,4.30M,2.60M,3.20M,7.70M,8.20M,1.60M,1.80M,4.70M,6.30M,-0.80M,-1.60M,9.40M,13.00M,-2.10M,1.60M,9.80M,36.20M,-97.90M,37.40M,37.30M,37.30M
Non-Operating Interest Expense,,,,,,,,,,,,,,,21.96M,24.38M,,24.51M,24.17M,23.57M,23.47M,17.42M,16.33M,16.56M,16.68M,16.07M,16.99M,16.26M,16.72M,16.22M,18.50M,16.92M,17.74M,18.52M,18.04M,17.37M,20.50M,16.76M,,14.91M,14.85M,14.86M,15.05M,14.23M,,,6.207M,,,,,,,,,,,,,,,,,,,,,,,,,,,,,,,,,,,,,,,,,,,,,,,,,,,,,,,,,,,,,,,,,,,,,,,,,,,,,,
Net Non-Operating Interest Income Expense,-14.65M,-13.55M,-14.57M,-12.18M,-15.62M,-14.19M,-23.33M,-20.06M,-20.41M,-20.33M,-20.62M,-20.77M,-20.52M,-21.48M,-21.96M,-24.38M,-24.67M,-24.51M,-24.17M,-23.57M,-23.47M,-17.42M,-16.33M,-16.56M,-16.68M,-16.07M,-16.99M,-16.26M,-16.72M,-16.22M,-18.50M,-16.92M,-17.74M,-18.52M,-18.04M,-17.37M,-20.50M,-16.76M,-15.77M,-14.91M,-14.85M,-14.86M,-15.05M,-14.23M,,,-6.207M,,,,,,,,,,,,,,,,,,,,,,,,,,,,,,,,,,,,,,,,,,,,,,,,,,,,,,,,,,,,,,,,,,,,,,,,,,,,,,
Other Income and Expenses,69.16M,3.753M,3.507M,2.04M,0.553M,25.53M,0.422M,-42.16M,-508.84M,-8.206M,-70.93M,-1.93M,-439.80M,-3.374M,-5.962M,2.86M,-114.44M,5.404M,1.433M,1.559M,-749.92M,1.109M,-0.74M,-1.285M,17.24M,4.699M,0.566M,-0.096M,-16.35M,-0.126M,67.70M,-0.535M,26.97M,3.854M,34.07M,-1.517M,95.77M,-35.52M,4.387M,0.759M,-17.64M,0.572M,-23.29M,-22.01M,13.80M,-16.82M,-5.919M,-9.502M,-4.629M,-20.96M,-8.224M,-0.052M,-5.355M,222.08M,-7.762M,-6.953M,-3.64M,-8.169M,0.059M,,-3.691M,-12.90M,-0.172M,0.059M,-0.094M,-9.426M,-0.032M,0.56M,-7.939M,-4.89M,0.429M,-0.018M,-33.57M,-0.231M,-0.031M,0.004M,-31.23M,0.026M,-18.31M,-0.021M,-25.40M,4.50M,1.80M,1.10M,-8.40M,0.10M,,1.20M,-0.20M,,-0.50M,-0.60M,0.20M,,-0.70M,0.80M,-111.80M,,,-14.40M,,,,,0.60M,,1.00M,0.70M,-2.10M,0.70M,1.30M,1.70M,-0.20M,,,2.00M,1.90M,6.50M,0.80M,2.40M,,,,,
Net Interest Income,-14.65M,-13.55M,-14.57M,-12.18M,-15.62M,-14.19M,-23.33M,-20.06M,-20.41M,-20.33M,-20.62M,-20.77M,-20.52M,-21.48M,-21.96M,-24.38M,-24.67M,-24.51M,-24.17M,-23.57M,-23.47M,-17.42M,-16.33M,-16.56M,-16.68M,-16.07M,-16.99M,-16.26M,-16.72M,-16.22M,-18.50M,-16.92M,-17.74M,-18.52M,-18.04M,-17.37M,-20.50M,-16.76M,-15.77M,-14.91M,-14.85M,-14.86M,-15.05M,-14.23M,,,-6.207M,,,,,,,,,,,,,,,,,,,,,,,,,,,,,,,,,,,,,,,,,,,,,,,,,,,,,,,,,,,,,,,,,,,,,,,,,,,,,,
Pre-Tax Income,207.42M,116.08M,236.10M,340.63M,324.94M,161.74M,54.58M,156.87M,-459.23M,24.74M,37.14M,168.92M,-463.99M,-18.29M,-97.36M,-79.96M,-182.34M,-25.53M,-43.13M,63.73M,-512.77M,172.92M,194.32M,177.93M,151.01M,115.74M,148.04M,70.76M,88.96M,59.56M,59.58M,29.74M,80.87M,46.72M,88.57M,19.02M,111.01M,5.515M,36.30M,45.68M,48.56M,59.87M,39.19M,75.67M,73.43M,104.23M,87.88M,70.08M,64.04M,51.60M,66.63M,75.26M,55.40M,297.77M,71.86M,85.48M,92.91M,53.68M,56.59M,33.06M,48.22M,28.70M,30.99M,30.71M,29.80M,36.66M,28.90M,-52.32M,12.69M,8.797M,3.519M,-1.23M,-28.00M,16.46M,22.27M,63.82M,27.99M,10.09M,-4.945M,8.802M,8.40M,7.50M,1.66M,-3.80M,-0.20M,-2.70M,5.30M,6.40M,15.90M,6.20M,5.60M,18.20M,12.10M,,3.80M,11.00M,-6.70M,-117.20M,-6.40M,-11.20M,-2.90M,-5.00M,-2.30M,8.70M,2.20M,0.10M,1.70M,5.70M,3.50M,0.00,0.70M,4.10M,3.60M,-2.90M,-3.70M,9.20M,12.70M,-0.90M,2.50M,12.10M,,,,,
Provision for Income Taxes,60.48M,25.72M,55.09M,77.87M,49.89M,39.41M,12.15M,39.64M,-414.79M,7.151M,15.61M,63.20M,-171.23M,-8.027M,-34.45M,-28.77M,-71.21M,-10.02M,-15.62M,23.47M,-291.00M,72.13M,75.90M,70.90M,73.06M,45.85M,58.92M,27.94M,48.09M,22.95M,23.65M,11.43M,54.51M,18.23M,33.90M,6.137M,61.90M,1.617M,14.62M,16.98M,12.20M,20.97M,13.69M,28.09M,29.73M,37.24M,33.25M,24.11M,22.00M,16.15M,25.25M,26.71M,23.68M,108.75M,24.99M,31.91M,34.40M,19.93M,21.17M,12.29M,15.99M,10.88M,11.68M,11.70M,10.02M,13.99M,10.99M,-19.94M,4.036M,2.672M,1.398M,-0.432M,-12.40M,6.43M,8.679M,24.76M,10.92M,3.953M,-1.863M,3.457M,2.90M,3.00M,0.70M,-1.40M,-0.20M,-1.00M,2.20M,2.60M,5.70M,2.50M,2.30M,7.10M,4.60M,,1.60M,4.40M,-2.70M,-45.30M,-2.50M,-4.40M,-1.10M,-2.00M,-0.90M,3.50M,0.90M,2.90M,0.50M,1.80M,1.80M,-0.20M,3.10M,1.30M,3.90M,-1.10M,-1.80M,3.90M,4.30M,-0.40M,0.90M,4.30M,,,,,
Income from Continuing Operations,146.94M,90.36M,181.01M,262.76M,275.04M,122.34M,42.43M,117.23M,-44.44M,17.59M,21.53M,105.72M,-292.76M,-10.26M,-62.91M,-51.19M,-111.12M,-15.51M,-27.51M,40.26M,-221.77M,100.79M,118.42M,107.03M,77.95M,69.89M,89.11M,42.82M,40.87M,36.61M,35.94M,18.32M,26.36M,28.48M,54.68M,12.89M,49.11M,3.898M,21.68M,28.70M,36.36M,38.90M,25.50M,47.58M,43.70M,66.99M,54.62M,45.98M,42.05M,35.45M,41.38M,48.55M,32.13M,189.02M,46.86M,53.57M,58.50M,33.76M,35.42M,20.76M,32.23M,17.82M,19.32M,19.01M,19.78M,22.67M,17.90M,-32.38M,8.654M,6.125M,2.121M,-0.798M,-15.60M,10.03M,13.59M,39.06M,17.07M,6.137M,-3.082M,5.345M,5.50M,4.50M,0.96M,-2.40M,0.00,-1.70M,3.10M,3.80M,10.20M,3.70M,3.30M,11.10M,7.50M,4.40M,2.20M,6.60M,-4.00M,-71.90M,-3.90M,-6.80M,-1.80M,-3.00M,-1.40M,5.20M,1.30M,-2.80M,1.20M,3.90M,1.70M,0.20M,-2.40M,2.80M,-0.30M,-1.80M,-1.90M,5.30M,8.40M,-0.50M,1.60M,7.80M,5.70M,6.40M,6.40M,6.40M,6.40M
"Extraordinary Items, Income Statement",,,,,,,,,,,,,,,,,,,,,,,,,,,,,,,,,,,,,,,,,,,,,,,,,,,,,,,,-0.403M,,,,,,,,,0.00,,,-6.847M,,,,,,,,,,,,,,,,,,,,,,,,,,,,,,,,,,,,,,,,,,,,,,,,,,,,,,,,,
Income Attributable to Minority Interest,,,,,,,,,,,,,,,,,,,,,,,,,,,,,,,,,,,,,,,,,,,,,,,,,,,,,,,,,,,,,,,,,,,,,,,,,,-0.014M,,,,,,,,,,,,,,,,,,,,,,,,,,,,,,,,,,,,,,,,,,,,,,,,,,,
Preferred Stock Dividend,,,,,,,,,,,,,,,,,,,,,,,,,,,,,,,,,,,,,,,,,,,,,,,,,,,,,,,,,,,,,,,,,,,,,,,,,,,,,0.00,,4.60M,0.851M,0.848M,0.851M,0.85M,0.851M,0.80M,0.90M,0.90M,0.80M,0.90M,1.40M,1.40M,1.40M,1.40M,1.40M,1.40M,1.40M,1.40M,1.40M,1.40M,1.40M,1.30M,1.40M,1.10M,0.60M,0.50M,0.60M,0.40M,,,,,,,,,,,,,,,,,,
Net Income,146.94M,90.36M,181.01M,262.76M,275.04M,122.34M,42.43M,117.23M,-44.44M,17.59M,21.53M,105.72M,-292.76M,-10.26M,-62.91M,-51.19M,-111.12M,-15.51M,-27.51M,40.26M,-221.77M,100.79M,118.42M,107.03M,77.95M,69.89M,89.11M,42.82M,40.87M,36.61M,35.94M,18.32M,26.36M,28.48M,54.68M,12.89M,49.11M,3.898M,21.68M,28.70M,36.36M,38.90M,25.50M,47.58M,43.70M,66.99M,54.62M,45.98M,42.05M,35.45M,41.38M,48.55M,32.53M,189.02M,46.86M,53.16M,58.50M,33.76M,35.42M,20.76M,32.23M,17.82M,19.32M,19.01M,19.78M,22.67M,17.90M,-39.22M,8.654M,6.125M,2.121M,-0.798M,-15.60M,10.03M,13.59M,39.06M,17.07M,6.137M,-3.082M,5.345M,5.50M,4.50M,0.96M,-2.40M,0.00,-1.70M,3.10M,3.80M,10.20M,3.70M,3.30M,11.10M,7.50M,4.40M,2.20M,6.60M,-4.00M,-71.90M,-3.90M,-6.80M,-1.80M,-3.00M,-1.40M,5.20M,1.30M,-2.80M,1.20M,3.90M,1.70M,0.20M,-2.40M,2.80M,-0.30M,-1.80M,-1.90M,5.30M,8.40M,-0.50M,1.60M,7.80M,5.70M,6.40M,6.40M,6.40M,6.40M
Normalized Income,146.94M,90.33M,181.01M,263.92M,276.30M,102.94M,42.01M,147.89M,202.95M,26.03M,63.50M,105.86M,-17.22M,-9.513M,-59.30M,-52.06M,-41.15M,-17.80M,-27.46M,40.17M,266.50M,100.76M,119.33M,107.80M,67.06M,67.22M,88.95M,42.88M,51.53M,36.69M,-4.888M,18.65M,8.830M,26.13M,33.64M,13.91M,-13.14M,29.01M,19.05M,28.22M,49.58M,38.53M,40.66M,61.42M,35.42M,77.80M,58.30M,52.21M,45.09M,49.85M,46.48M,48.58M,35.34M,48.05M,51.93M,57.93M,60.80M,38.89M,35.39M,20.76M,34.69M,25.83M,19.43M,18.97M,19.85M,28.50M,17.92M,-32.72M,14.07M,9.530M,1.862M,-0.7863M,4.539M,10.17M,13.61M,39.06M,36.12M,6.121M,8.331M,5.358M,22.13M,1.80M,-0.12M,-3.095M,5.04M,-1.763M,3.10M,3.08M,10.33M,3.70M,3.60M,11.47M,7.376M,4.40M,2.62M,6.12M,63.08M,-71.90M,-3.90M,1.943M,-1.80M,-3.00M,-1.40M,5.20M,0.94M,-2.80M,0.4941M,3.421M,2.96M,-0.50M,-3.18M,1.639M,-0.18M,-1.80M,-1.90M,4.10M,7.143M,-4.40M,1.088M,6.253M,,,,,
EBITDA,259.34M,236.77M,343.30M,443.03M,469.28M,271.58M,162.40M,301.22M,213.15M,199.54M,273.01M,326.73M,137.54M,146.06M,72.14M,106.30M,98.25M,143.30M,133.55M,262.79M,-315.53M,344.36M,368.22M,341.90M,349.72M,300.79M,316.42M,235.67M,221.65M,186.22M,192.70M,157.02M,191.11M,155.53M,189.84M,113.51M,223.01M,107.63M,124.41M,134.09M,125.70M,152.80M,109.35M,145.68M,120.46M,172.12M,136.57M,122.34M,111.18M,103.72M,110.83M,116.57M,90.57M,340.66M,114.56M,127.14M,130.87M,89.69M,87.83M,64.70M,82.38M,68.52M,61.06M,60.32M,61.12M,75.48M,58.61M,-23.18M,47.55M,42.87M,33.30M,28.21M,20.98M,44.32M,43.17M,84.41M,64.58M,29.02M,22.05M,27.44M,40.60M,23.40M,21.24M,14.80M,19.10M,12.70M,20.30M,19.20M,29.90M,21.60M,20.60M,33.80M,28.80M,18.10M,19.60M,24.90M,129.00M,-100.40M,12.50M,15.50M,19.00M,14.70M,16.10M,21.40M,14.00M,19.00M,11.60M,15.40M,16.00M,9.30M,9.50M,13.00M,12.10M,5.70M,4.60M,24.60M,20.60M,2.10M,8.10M,16.00M,36.20M,-97.90M,37.40M,37.30M,37.30M
Reconciled Depreciation,106.44M,110.89M,96.15M,92.26M,129.27M,121.17M,84.91M,82.13M,143.13M,146.27M,144.32M,135.10M,141.22M,139.49M,147.53M,161.89M,149.88M,144.33M,152.51M,175.50M,173.76M,154.01M,157.56M,147.42M,182.03M,168.98M,151.39M,148.65M,115.98M,110.45M,114.62M,110.36M,92.50M,90.29M,83.22M,77.12M,91.50M,85.36M,76.73M,73.50M,62.29M,78.07M,55.11M,55.78M,52.51M,48.90M,42.48M,41.52M,38.55M,37.74M,34.26M,33.40M,32.16M,32.09M,32.79M,31.94M,29.11M,26.58M,26.11M,26.66M,26.76M,27.73M,24.62M,24.23M,23.98M,23.65M,23.76M,23.51M,24.43M,25.42M,23.45M,23.21M,25.81M,22.72M,16.20M,15.89M,15.11M,13.22M,12.46M,12.65M,11.80M,13.80M,14.80M,13.00M,10.00M,11.10M,10.30M,9.80M,9.30M,10.70M,10.10M,10.50M,12.20M,10.50M,10.20M,9.80M,9.00M,11.40M,13.10M,13.70M,16.70M,13.40M,14.60M,9.90M,9.70M,8.70M,8.40M,7.70M,7.80M,7.70M,7.70M,8.30M,5.80M,6.50M,-0.30M,15.20M,7.60M,4.20M,6.50M,6.20M,,,,,
EBIT,152.90M,125.88M,247.16M,350.78M,340.01M,150.41M,77.49M,219.09M,70.02M,53.28M,128.68M,191.63M,-3.682M,6.57M,-75.39M,-55.59M,-51.63M,-1.024M,-18.96M,87.30M,-489.29M,190.34M,210.65M,194.49M,167.69M,131.81M,165.03M,87.01M,105.67M,75.78M,78.08M,46.66M,98.61M,65.23M,106.62M,36.39M,131.51M,22.27M,47.68M,60.59M,63.41M,74.72M,54.24M,89.90M,67.96M,123.23M,94.09M,80.82M,72.63M,65.98M,76.57M,83.17M,58.41M,308.57M,81.76M,95.21M,101.76M,63.12M,61.72M,38.04M,55.63M,40.79M,36.44M,36.09M,37.14M,51.84M,34.85M,-46.69M,23.12M,17.45M,9.85M,4.996M,-4.837M,21.60M,26.98M,68.52M,49.47M,15.80M,9.589M,14.79M,28.80M,9.60M,6.437M,1.80M,9.10M,1.60M,10.00M,9.40M,20.60M,10.90M,10.50M,23.30M,16.60M,7.60M,9.30M,15.10M,120.00M,-111.80M,-0.60M,1.80M,2.30M,-0.40M,1.50M,11.50M,4.30M,2.60M,3.20M,7.70M,8.20M,1.60M,1.80M,4.70M,6.30M,-0.80M,-1.60M,9.40M,13.00M,-2.10M,1.60M,9.80M,36.20M,-97.90M,37.40M,37.30M,37.30M
EPS Basic from Continuing Operations,0.36,0.22,0.43,0.62,0.64,0.28,0.09,0.26,-0.10,0.04,0.05,0.23,-0.63,-0.02,-0.14,-0.12,-0.27,-0.04,-0.07,0.10,-0.54,0.24,0.28,0.26,0.19,0.17,0.21,0.10,0.095,0.09,0.085,0.045,0.065,0.07,0.13,0.03,0.12,0.01,0.0525,0.07,0.0875,0.095,0.0625,0.115,0.105,0.1625,0.1375,0.1175,0.11,0.0925,0.1075,0.0625,0.0845,0.245,0.06,0.1375,0.15,0.0862,0.09,0.0358,0.055,0.0308,0.0333,0.0492,0.0508,0.0583,0.0467,-0.085,0.0092,0.0158,0.0058,-0.0025,-0.045,0.0275,0.0383,0.0370,0.0487,0.0058,-0.0014,0.0050,0.0155,0.0042,0.0001,-0.0036,-0.0027,-0.0028,0.0025,0.0033,0.0314,0.0028,0.0025,0.0117,0.0222,0.0036,0.0011,0.0064,-0.0198,-0.0895,-0.0064,-0.0100,-0.0114,-0.0056,-0.0031,0.0064,0.0032,-0.0044,0.0011,0.0053,0.0069,0.0003,-0.0033,0.0039,-0.0012,-0.0025,-0.0025,0.0058,0.0097,-0.0020,0.0006,0.0097,0.0083,,0.0086,0.0086,0.0086
EPS Basic from Discontinued Operations,,,,,,,,,,,,,,,,,,,,,,,,,,,,,,,,,0.00,0.00,0.00,0.00,,0.00,0.00,0.00,0.00,0.00,0.00,0.00,0.00,0.00,0.00,0.00,0.00,0.00,0.00,0.00,,0.00,0.00,-0.0012,0.00,0.00,0.00,0.00,0.00,0.00,0.00,0.00,0.0008,0.00,0.00,-0.0175,0.00,0.00,0.00,0.00,0.00,0.00,0.00,0.00,,0.00,0.00,0.00,,0.00,,0.00,,0.00,0.00,0.00,,0.00,0.00,0.00,,0.00,0.00,0.00,,0.00,0.00,0.00,,0.00,0.00,0.00,,0.00,0.00,0.00,,0.00,0.00,0.00,,0.00,0.00,0.00,0.00,,0.00,0.00,0.00,,0.00,0.00,0.00
EPS Basic from Extraordinaries,,,,,,,,,,,,,,,,,,,,,,,,,,,,,,,,,,,,,,,,,,,,,,,,,,,,,,,,0.00,,,,,,,,,0.00,,,0.00,,,,,,,,,,,,,,,,,,,,,,,,,,,,,,,,,,,,,,,,,,,,,,,,,,,,,,,,,
Normalized Basic EPS,0.3600,0.2199,0.43,0.6227,0.6429,0.2360,0.0891,0.3267,0.4351,0.0583,0.1403,0.2303,-0.0377,-0.0184,-0.1322,-0.1220,-0.1009,-0.0455,-0.0699,0.0998,0.6422,0.2399,0.2822,0.2619,0.1640,0.1637,0.2096,0.1001,0.1204,0.0902,-0.0124,0.0458,0.0230,0.0644,0.0796,0.0325,-0.0297,0.0704,0.0462,0.0689,0.1194,0.0941,0.0991,0.1484,0.0850,0.1886,0.1468,0.1334,0.1178,0.1296,0.1207,0.0625,0.0929,0.0623,0.0665,0.1487,0.1559,0.0994,0.0899,0.0358,0.0592,0.0445,0.0335,0.0491,0.0510,0.0734,0.0467,-0.0859,0.0234,0.0248,0.0052,-0.0025,0.0081,0.0279,0.0384,0.0370,0.1031,0.0058,0.0105,0.0050,0.0707,0.0011,-0.0011,-0.0044,0.0143,-0.0030,0.0025,0.0009,0.0319,0.0028,0.0036,0.0130,0.0218,0.0036,0.0026,0.0046,0.2256,-0.0895,-0.0064,0.0220,-0.0114,-0.0056,-0.0031,0.0064,0.0018,-0.0044,-0.0018,0.0033,0.0121,-0.0026,-0.0065,-0.0008,-0.0007,-0.0025,-0.0025,0.0009,0.0046,-0.0179,-0.0015,0.0034,0.0083,,0.0086,0.0086,0.0086
EPS Basic,0.36,0.22,0.43,0.62,0.64,0.28,0.09,0.26,-0.10,0.04,0.05,0.23,-0.63,-0.02,-0.14,-0.12,-0.27,-0.04,-0.07,0.10,-0.54,0.24,0.28,0.26,0.19,0.17,0.21,0.10,0.095,0.09,0.085,0.045,0.065,0.07,0.13,0.03,0.12,0.01,0.0525,0.07,0.0875,0.095,0.0625,0.115,0.105,0.1625,0.1375,0.1175,0.11,0.0925,0.1075,0.0625,0.0845,0.245,0.06,0.1362,0.15,0.0862,0.09,0.0358,0.055,0.0308,0.0333,0.0492,0.0517,0.0583,0.0467,-0.1025,0.0092,0.0158,0.0058,-0.0025,-0.045,0.0275,0.0383,0.0370,0.0487,0.0058,-0.0014,0.0050,0.0155,0.0042,0.0001,-0.0036,-0.0027,-0.0028,0.0025,0.0033,0.0314,0.0028,0.0025,0.0117,0.0222,0.0036,0.0011,0.0064,-0.0198,-0.0895,-0.0064,-0.0100,-0.0114,-0.0056,-0.0031,0.0064,0.0032,-0.0044,0.0011,0.0053,0.0069,0.0003,-0.0033,0.0039,-0.0012,-0.0025,-0.0025,0.0058,0.0097,-0.0020,0.0006,0.0097,0.0083,,0.0086,0.0086,0.0086
EPS Diluted from Continuing Operations,0.36,0.22,0.43,0.62,0.64,0.28,0.09,0.25,-0.10,0.04,0.05,0.23,-0.63,-0.02,-0.14,-0.12,-0.27,-0.04,-0.07,0.10,-0.54,0.24,0.28,0.26,0.19,0.17,0.21,0.10,0.095,0.09,0.085,0.045,0.065,0.07,0.13,0.03,0.115,0.01,0.0525,0.0675,0.0875,0.0925,0.06,0.115,0.105,0.16,0.1375,0.115,0.1075,0.09,0.105,0.0625,0.0845,0.24,0.0588,0.1362,0.1475,0.085,0.0888,0.035,0.0542,0.03,0.0325,0.0483,0.0508,0.0583,0.0458,-0.085,0.0092,0.0158,0.0058,-0.0025,-0.045,0.0267,0.0375,0.0367,0.0487,0.0058,-0.0014,0.0050,0.0155,0.0042,0.0001,-0.0036,-0.0027,-0.0028,0.0025,0.0033,0.0314,0.0028,0.0025,0.0117,0.0222,0.0036,0.0011,0.0064,-0.0198,-0.0895,-0.0064,-0.0100,-0.0114,-0.0056,-0.0031,0.0064,0.0032,-0.0044,0.0011,0.0053,0.0069,0.0003,-0.0033,0.0039,-0.0012,-0.0025,-0.0025,0.0058,0.0097,-0.0020,0.0006,0.0097,0.0083,,0.0086,0.0086,0.0086
EPS Diluted from Discontinued Operations,,,,,,,,,,,,,,,,,,,,,,,,,,,,,,,,,0.00,0.00,0.00,0.00,,0.00,0.00,0.00,0.00,0.00,0.00,0.00,0.00,0.00,0.00,0.00,0.00,0.00,0.00,0.00,,0.00,0.00,-0.0012,0.00,0.00,0.00,0.00,0.00,0.00,0.00,0.00,0.00,0.00,0.00,-0.0175,0.00,0.00,0.00,0.00,0.00,0.00,0.00,0.00,,0.00,0.00,0.00,,0.00,,0.00,,0.00,0.00,0.00,,0.00,0.00,0.00,,0.00,0.00,0.00,,0.00,0.00,0.00,,0.00,0.00,0.00,,0.00,0.00,0.00,,0.00,0.00,0.00,,0.00,0.00,0.00,0.00,,0.00,0.00,0.00,,0.00,0.00,0.00
EPS Diluted from Extraordinaries,,,,,,,,,,,,,,,,,,,,,,,,,,,,,,,,,,,,,,,,,,,,,,,,,,,,,,,,-0.0010,,,,,,,,,0.0000,,,-0.0179,,,,,,,,,,,,,,,,,,,,,,,,,,,,,,,,,,,,,,,,,,,,,,,,,,,,,,,,,
Normalized Diluted EPS,0.3600,0.2199,0.43,0.6227,0.6429,0.2362,0.0891,0.3164,0.4330,0.0582,0.1399,0.2303,-0.0377,-0.0184,-0.1322,-0.1220,-0.1009,-0.0455,-0.0699,0.0998,0.6366,0.2399,0.2822,0.2618,0.1641,0.1637,0.2096,0.1001,0.1203,0.0902,-0.0117,0.0458,0.0235,0.0644,0.0801,0.0324,-0.0327,0.0697,0.0462,0.0664,0.1190,0.0916,0.0961,0.1482,0.0851,0.1859,0.1467,0.1308,0.1152,0.1266,0.1180,0.0625,0.0929,0.0608,0.0651,0.1473,0.1532,0.0979,0.0887,0.035,0.0583,0.0435,0.0327,0.0482,0.0510,0.0733,0.0459,-0.0859,0.0234,0.0248,0.0052,-0.0025,0.0070,0.0270,0.0376,0.0367,0.1031,0.0058,0.0105,0.0050,0.0707,0.0011,-0.0011,-0.0044,0.0143,-0.0030,0.0025,0.0009,0.0319,0.0028,0.0036,0.0130,0.0218,0.0036,0.0026,0.0046,0.2256,-0.0895,-0.0064,0.0220,-0.0114,-0.0056,-0.0031,0.0064,0.0018,-0.0044,-0.0018,0.0033,0.0121,-0.0026,-0.0065,-0.0008,-0.0007,-0.0025,-0.0025,0.0009,0.0046,-0.0179,-0.0015,0.0034,0.0083,,0.0086,0.0086,0.0086
EPS Diluted,0.36,0.22,0.43,0.62,0.64,0.28,0.09,0.25,-0.10,0.04,0.05,0.23,-0.63,-0.02,-0.14,-0.12,-0.27,-0.04,-0.07,0.10,-0.54,0.24,0.28,0.26,0.19,0.17,0.21,0.10,0.095,0.09,0.085,0.045,0.065,0.07,0.13,0.03,0.115,0.01,0.0525,0.0675,0.0875,0.0925,0.06,0.115,0.105,0.16,0.1375,0.115,0.1075,0.09,0.105,0.0625,0.0845,0.24,0.0588,0.135,0.1475,0.085,0.0888,0.035,0.0542,0.03,0.0325,0.0483,0.0508,0.0583,0.0458,-0.1025,0.0092,0.0158,0.0058,-0.0025,-0.045,0.0267,0.0375,0.0367,0.0487,0.0058,-0.0014,0.0050,0.0155,0.0042,0.0001,-0.0036,-0.0027,-0.0028,0.0025,0.0033,0.0314,0.0028,0.0025,0.0117,0.0222,0.0036,0.0011,0.0064,-0.0198,-0.0895,-0.0064,-0.0100,-0.0114,-0.0056,-0.0031,0.0064,0.0032,-0.0044,0.0011,0.0053,0.0069,0.0003,-0.0033,0.0039,-0.0012,-0.0025,-0.0025,0.0058,0.0097,-0.0020,0.0006,0.0097,0.0083,,0.0086,0.0086,0.0086
Average Basic Shares Outstanding,404.46M,412.46M,422.14M,423.12M,430.82M,440.77M,451.06M,459.72M,462.36M,462.50M,464.77M,465.35M,465.21M,465.15M,465.07M,431.84M,413.88M,413.85M,413.71M,413.34M,413.00M,416.17M,417.29M,416.90M,418.76M,420.99M,420.70M,420.30M,419.70M,419.31M,419.02M,418.26M,417.21M,417.14M,417.06M,416.58M,415.92M,415.82M,415.66M,415.18M,414.62M,414.59M,414.56M,414.08M,413.50M,413.40M,393.87M,390.86M,388.86M,388.27M,387.72M,773.56M,384.85M,771.67M,779.86M,389.44M,390.63M,391.61M,391.34M,584.69M,584.69M,585.86M,585.47M,388.78M,386.40M,386.15M,383.76M,382.04M,380.54M,381.52M,380.84M,379.25M,379.40M,367.73M,354.11M,1.055B,350.30M,1.043B,960.50M,892.28M,300.89M,890.81M,888.83M,887.53M,295.88M,299.09M,298.48M,296.71M,296.00M,275.48M,274.52M,274.38M,274.16M,273.73M,273.58M,273.56M,273.40M,273.35M,273.31M,273.29M,272.95M,272.68M,272.53M,246.90M,246.87M,246.32M,245.93M,245.46M,245.46M,245.46M,245.46M,245.46M,245.46M,245.46M,245.46M,245.46M,245.46M,245.46M,245.46M,245.46M,245.46M,245.58M,245.58M,245.58M,245.58M
Average Diluted Shares Outstanding,406.50M,414.46M,424.35M,425.19M,433.33M,443.11M,453.11M,461.55M,464.17M,464.78M,466.74M,466.89M,465.21M,465.15M,465.07M,431.84M,413.88M,413.85M,413.71M,414.77M,415.00M,418.09M,419.09M,418.51M,421.03M,423.45M,423.49M,422.75M,421.97M,422.45M,422.32M,421.63M,422.30M,421.84M,421.35M,421.28M,421.39M,420.90M,419.86M,419.91M,419.93M,419.67M,419.26M,416.44M,416.80M,417.98M,397.92M,395.70M,392.62M,393.76M,393.62M,784.38M,384.85M,786.59M,793.61M,394.98M,400.49M,397.32M,396.62M,591.67M,592.43M,593.03M,592.72M,394.39M,389.35M,389.22M,390.63M,382.04M,380.54M,381.52M,380.84M,379.25M,386.97M,376.16M,362.48M,1.055B,350.30M,1.043B,960.50M,892.28M,300.89M,890.81M,888.83M,887.53M,295.88M,299.09M,298.48M,296.71M,296.00M,275.48M,274.52M,274.38M,274.16M,273.73M,273.58M,273.56M,273.40M,273.35M,273.31M,273.29M,272.95M,272.68M,272.53M,246.90M,246.87M,246.32M,245.93M,245.46M,245.46M,245.46M,245.46M,245.46M,245.46M,245.46M,245.46M,245.46M,245.46M,245.46M,245.46M,245.46M,245.46M,245.58M,245.58M,245.58M,245.58M
Dividend Per Share,0.10,0.09,0.09,0.07,0.07,0.06,0.06,0.06,0.05,0.05,0.05,0.02,0.02,0.02,0.02,0.02,0.02,0.02,0.02,0.02,0.02,0.02,0.02,0.02,0.02,0.01,0.01,0.01,0.01,0.01,0.01,0.005,0.0075,0.0075,0.0075,0.0075,0.0075,0.0075,0.0075,0.0075,0.0075,0.0075,0.0075,0.0075,0.0075,0.0075,0.0075,0.0075,0.0075,0.0075,0.0075,0.005,0.005,0.005,0.005,0.005,0.005,0.005,0.005,0.0033,0.0033,0.0033,0.0033,0.0033,0.0033,0.0033,0.0033,0.0033,0.0033,0.0033,0.0033,0.0033,0.0033,0.0033,0.0033,0.0033,0.0033,0.0033,0.0033,0.0033,0.0033,0.0033,0.0033,0.0033,0.0033,0.0033,0.0033,0.0033,0.0033,0.0033,0.0033,0.0033,0.0033,0.0033,0.0033,0.0067,0.0033,0.0033,0.0033,0.0033,0.0033,0.0034,0.0034,0.0034,0.0034,0.0034,0.0034,0.0034,0.0034,0.0034,0.0034,0.0034,0.0034,0.0034,0.0034,0.0034,0.0034,0.0034,0.0034,,,,,,
As Originally Reported,AOR,AOR,AOR,AOR,AOR,AOR,AOR,AOR,AOR,AOR,AOR,AOR,AOR,AOR,AOR,AOR,AOR,AOR,AOR,AOR,AOR,AOR,AOR,AOR,AOR,AOR,AOR,AOR,AOR,AOR,AOR,AOR,AOR,AOR,AOR,AOR,AOR,AOR,AOR,AOR,AOR,AOR,AOR,AOR,,,,,,,,,,,,,,,,,,,,,,,,,,,,,,,,,,,,,,,,,,,,,,,,,,,,,,,,,,,,,,,,,,,,,,,,,,,,,,,,,
Restated,,,,,Restated,Restated,Restated,Restated,Restated,Restated,Restated,Restated,Restated,Restated,Restated,Restated,Restated,Restated,Restated,Restated,Restated,Restated,Restated,Restated,Restated,Restated,Restated,Restated,Restated,Restated,Restated,Restated,Restated,Restated,Restated,Restated,Restated,,Restated,Restated,Restated,Restated,Restated,Restated,Restated,,Restated,,,,,,,,,,,,,,,,,,,,,,,,,,,,,,,,,,,,,,,,,,,,,,,,,,,,,,,,,,,,,,,,,,,,,,,,,,,,,,
