Income (Quarterly),2019-12,2019-09,2019-06,2019-03,2018-12,2018-09,2018-06,2018-03,2017-12,2017-09,2017-06,2017-03,2016-12,2016-09,2016-06,2016-03,2015-12,2015-09,2015-06,2015-03,2014-12,2014-09,2014-06,2014-03,2013-12,2013-09,2013-06,2013-03,2012-12,2012-09,2012-06,2012-03,2011-12,2011-09,2011-06,2011-03,2010-12,2010-09,2010-06,2010-03,2009-12,2009-09,2009-06,2009-03,2008-12,2008-09,2008-06,2008-03,2007-12,2007-09,2007-06,2007-03,2006-12,2006-09,2006-06,2006-03,2005-12,2005-09,2005-06,2005-03,2004-12,2004-09,2004-06,2004-03,2003-12,2003-09,2003-06,2003-03,2002-12,2002-09,2002-06,2002-03,2001-12,2001-09,2001-06,2001-03,2000-12,2000-09,2000-06,2000-03,1999-12,1999-09,1999-06,1999-03,1998-12,1998-09,1998-06,1998-03,1997-12,1997-09,1997-06,1997-03,1996-12,1996-09,1996-06,1996-03,1995-12,1995-09,1995-06,1995-03,1994-12,1994-09,1994-06,1994-03,1993-12,1993-09,1993-06,1993-03,1992-12,1992-09,1992-06,1992-03,1991-12,1991-09,1991-06,1991-03,1990-12,1990-09,1990-06,1990-03,1989-12,1989-09,1989-06,1989-03
Operating Revenue,4.228B,4.188B,4.487B,4.040B,4.370B,4.682B,4.401B,3.724B,3.434B,2.636B,2.595B,2.541B,2.334B,1.988B,1.813B,1.328B,1.787B,2.130B,2.509B,2.230B,3.449B,4.570B,4.404B,4.215B,3.686B,3.815B,3.613B,3.285B,2.991B,2.874B,2.596B,2.594B,2.101B,2.528B,2.381B,1.897B,1.480B,1.582B,1.358B,1.371B,1.761B,1.007B,861.04M,1.158B,1.634B,3.264B,1.096B,1.134B,1.232B,942.56M,1.009B,911.04M,603.06M,968.73M,828.00M,977.51M,1.203B,932.98M,782.87M,688.16M,689.74M,571.16M,519.02M,464.32M,436.80M,432.73M,424.75M,464.38M,385.56M,279.87M,290.50M,186.50M,138.73M,354.17M,466.05M,597.25M,496.76M,402.15M,322.73M,259.90M,269.20M,226.80M,187.20M,158.95M,233.85M,191.30M,183.30M,199.80M,238.00M,193.10M,171.80M,180.70M,204.30M,170.20M,197.10M,159.00M,156.40M,153.00M,184.00M,155.40M,198.10M,127.40M,142.50M,152.20M,149.30M,141.10M,140.50M,136.80M,142.10M,111.90M,100.50M,98.60M,119.80M,84.00M,88.00M,95.90M,118.00M,78.50M,78.60M,96.30M,85.10M,64.40M,70.00M,69.90M
Revenue,4.165B,4.274B,4.664B,4.019B,4.502B,4.630B,4.215B,3.665B,3.389B,2.630B,2.605B,2.603B,2.268B,1.993B,1.768B,1.334B,1.792B,2.160B,2.461B,2.306B,4.200B,5.040B,4.175B,4.060B,3.726B,3.521B,3.805B,3.180B,3.057B,2.878B,2.785B,2.728B,2.727B,2.528B,2.381B,1.897B,1.542B,1.582B,1.358B,1.371B,1.761B,1.007B,861.04M,1.158B,1.634B,3.264B,1.096B,1.134B,1.232B,942.56M,1.009B,911.04M,603.06M,968.73M,919.09M,1.085B,1.200B,934.44M,783.92M,688.16M,689.74M,594.23M,519.02M,464.32M,436.80M,432.73M,424.75M,464.38M,385.56M,279.87M,290.50M,186.50M,237.41M,354.17M,466.05M,597.25M,505.12M,402.15M,322.73M,259.90M,269.20M,226.80M,187.20M,158.95M,233.85M,191.30M,183.30M,199.80M,238.00M,193.10M,171.80M,180.70M,204.30M,170.20M,197.10M,159.00M,156.40M,153.00M,184.00M,155.40M,198.10M,127.40M,142.50M,152.20M,149.30M,141.10M,140.50M,136.80M,142.10M,111.90M,100.50M,98.60M,119.80M,84.00M,88.00M,95.90M,118.00M,78.50M,78.60M,96.30M,85.10M,64.40M,70.00M,69.90M
Cost of Goods Sold,1.421B,1.430B,1.417B,1.327B,1.379B,1.354B,1.272B,1.15B,1.207B,1.131B,1.155B,1.110B,1.137B,1.158B,1.110B,1.198B,1.057B,1.041B,1.234B,1.310B,1.432B,1.450B,1.376B,1.301B,1.231B,1.259B,1.205B,1.120B,1.046B,1.106B,1.080B,1.036B,2.447B,398.74M,338.05M,405.78M,1.672B,352.66M,337.75M,344.64M,299.91M,274.40M,282.08M,284.70M,323.54M,280.27M,268.27M,283.85M,312.29M,249.19M,217.81M,219.89M,233.16M,171.86M,163.18M,165.70M,103.77M,161.46M,137.38M,132.27M,89.23M,129.94M,104.19M,100.44M,33.84M,107.24M,104.67M,72.42M,48.05M,79.45M,82.91M,76.00M,121.65M,87.26M,90.23M,94.29M,86.62M,65.62M,58.84M,60.85M,260.72M,42.90M,44.00M,49.20M,60.82M,58.20M,49.00M,69.20M,58.70M,44.20M,60.40M,56.60M,47.40M,41.50M,39.00M,48.90M,34.50M,36.90M,39.70M,36.90M,41.70M,33.00M,38.60M,31.00M,47.90M,31.80M,28.80M,26.70M,30.10M,26.20M,26.40M,25.90M,33.50M,28.90M,23.80M,22.40M,33.50M,29.00M,25.00M,24.70M,,,,
Gross Profit,2.744B,2.844B,3.247B,2.692B,3.123B,3.276B,2.943B,2.515B,2.182B,1.499B,1.449B,1.493B,1.131B,834.53M,658.09M,135.64M,734.61M,1.119B,1.227B,996.22M,2.767B,3.590B,2.799B,2.758B,2.496B,2.262B,2.600B,2.060B,2.011B,1.773B,1.705B,1.692B,280.07M,2.129B,2.043B,1.491B,-130.00M,1.229B,1.020B,1.026B,1.461B,732.45M,578.96M,873.51M,1.310B,2.984B,827.24M,850.17M,919.35M,693.38M,791.34M,691.15M,369.90M,796.87M,755.91M,918.84M,1.097B,772.99M,646.54M,555.88M,600.50M,464.28M,414.83M,363.88M,402.97M,325.49M,320.08M,391.96M,337.51M,200.42M,207.59M,110.51M,115.77M,266.91M,375.82M,502.97M,418.50M,336.54M,263.89M,199.05M,8.483M,183.90M,143.20M,109.75M,173.03M,133.10M,134.30M,130.60M,179.30M,148.90M,111.40M,124.10M,156.90M,128.70M,158.10M,110.10M,121.90M,116.10M,144.30M,118.50M,156.40M,94.40M,103.90M,121.20M,101.40M,109.30M,111.70M,110.10M,112.00M,85.70M,74.10M,72.70M,86.30M,55.10M,64.20M,73.50M,84.50M,49.50M,53.60M,71.60M,,,,
Sales and Marketing Expense,1.237B,1.343B,1.501B,1.270B,1.349B,1.327B,1.420B,1.106B,1.010B,793.54M,790.60M,736.54M,634.25M,552.49M,480.05M,340.85M,461.85M,615.30M,670.17M,638.66M,862.59M,1.214B,1.044B,1.006B,901.94M,876.76M,965.49M,904.65M,880.45M,755.46M,694.12M,705.47M,644.69M,572.60M,469.44M,385.41M,292.48M,231.76M,191.21M,168.76M,159.56M,131.82M,74.05M,31.95M,12.43M,44.38M,62.99M,,,,,,,,,,,,,,,,,,,,,,,,,,,,,,,,,,,,,,,,,,,,,,,,,,,,,,,,,,,,,,,,,,,,,,,,,,,,,
General and Administrative Expense,125.19M,135.76M,121.78M,106.67M,116.90M,111.28M,104.08M,94.70M,117.00M,111.72M,108.51M,97.24M,102.18M,94.40M,97.70M,100.53M,109.01M,90.96M,82.32M,84.30M,131.28M,96.93M,90.93M,82.86M,91.07M,98.65M,80.61M,77.98M,86.68M,92.87M,75.73M,76.27M,85.11M,82.26M,67.41M,70.04M,74.00M,81.31M,64.74M,60.42M,68.79M,62.78M,58.76M,57.95M,58.25M,70.89M,61.64M,,,,,,,,,,,,,,,,,,,,,,,,,,,,,,,,,,,,,,,,,,,,,,,,,,,,,,,,,,,,,,,,,,,,,,,,,,,,,
SG&A Expense,1.362B,1.479B,1.623B,1.377B,1.466B,1.438B,1.525B,1.201B,1.127B,905.25M,899.11M,833.77M,736.43M,646.88M,577.75M,441.38M,570.86M,706.26M,752.49M,722.96M,993.87M,1.311B,1.134B,1.089B,993.01M,975.42M,1.046B,982.63M,967.13M,848.33M,769.84M,781.74M,729.80M,654.86M,536.84M,455.45M,366.48M,313.07M,255.95M,229.19M,228.35M,194.59M,132.81M,89.90M,70.68M,115.27M,124.63M,52.93M,66.05M,48.10M,47.18M,43.88M,47.72M,42.36M,38.61M,36.29M,37.04M,30.08M,30.11M,28.69M,34.15M,29.58M,26.37M,24.92M,28.67M,26.38M,24.93M,20.42M,24.67M,21.58M,21.99M,20.71M,22.35M,20.92M,18.74M,17.95M,17.56M,17.05M,16.03M,16.29M,7.957M,24.90M,26.40M,23.60M,53.49M,15.80M,15.20M,16.60M,13.70M,14.90M,12.10M,13.60M,14.90M,13.00M,14.30M,14.20M,15.40M,14.00M,14.40M,12.80M,13.30M,13.80M,10.90M,13.40M,11.30M,12.20M,10.90M,11.00M,10.40M,8.80M,11.30M,6.10M,4.90M,11.70M,9.30M,10.30M,8.50M,12.70M,8.40M,8.90M,,,,
Special Income and Charges,-108.17M,-105.80M,-104.12M,-76.19M,-106.18M,71.33M,-58.02M,-79.58M,-218.66M,-61.88M,-87.85M,-209.94M,-193.91M,-69.79M,-88.26M,-62.47M,-171.83M,-6.309B,-74.08M,-67.83M,-103.75M,4.804M,-35.18M,-101.86M,-97.51M,-77.73M,-24.81M,110.68M,-1.076B,4.501M,59.07M,-65.68M,-17.92M,-82.05M,-352.43M,-85.72M,-24.15M,-347.14M,-80.91M,-66.91M,-124.48M,-69.74M,-45.81M,-63.73M,-77.01M,-18.28M,-35.57M,-30.99M,-46.63M,-29.82M,33.55M,-43.36M,273.84M,-30.38M,67.57M,76.03M,-132.34M,11.62M,-40.54M,-18.88M,-151.84M,27.02M,-30.00M,-38.02M,-208.03M,27.92M,2.68M,-23.47M,-114.77M,-0.064M,0.097M,-3.103M,60.38M,1.272M,1.25M,-0.639M,5.25M,0.035M,0.763M,0.017M,-1.457M,554.50M,31.40M,26.90M,-2.20M,-1.60M,-0.10M,-1.00M,-4.00M,0.20M,1.00M,1.30M,-3.00M,-1.40M,,-0.50M,1.80M,-1.00M,0.50M,-0.60M,-46.10M,33.80M,12.30M,8.30M,4.90M,12.70M,0.60M,1.80M,-1.60M,-0.20M,5.00M,-0.60M,0.90M,11.70M,-2.00M,0.70M,-1.10M,19.30M,11.60M,-0.30M,,,,
Non Income Taxes,199.75M,203.10M,204.41M,192.91M,190.09M,209.04M,194.27M,179.08M,158.34M,125.91M,130.11M,130.29M,103.64M,91.91M,93.48M,60.68M,87.50M,105.68M,122.14M,106.43M,151.15M,204.97M,205.47M,195.97M,165.38M,172.44M,151.20M,134.93M,135.60M,120.10M,118.19M,121.52M,101.88M,98.53M,104.27M,105.88M,89.30M,74.24M,78.06M,75.46M,55.65M,47.82M,23.49M,47.40M,40.93M,97.77M,95.34M,86.75M,58.27M,47.11M,62.05M,40.65M,46.24M,54.07M,46.86M,53.69M,63.10M,56.38M,37.61M,41.91M,38.09M,29.95M,29.79M,36.08M,22.62M,21.36M,11.70M,30.19M,20.90M,16.93M,18.01M,16.04M,14.24M,18.69M,25.37M,37.03M,31.57M,24.25M,20.67M,18.42M,12.37M,14.20M,12.40M,13.70M,10.28M,13.80M,13.30M,14.50M,17.30M,13.00M,12.40M,17.30M,15.40M,10.00M,11.20M,11.50M,7.00M,7.90M,7.80M,9.80M,6.30M,7.30M,4.70M,10.00M,8.90M,6.10M,10.50M,9.80M,8.30M,7.10M,7.00M,5.90M,4.80M,4.20M,3.20M,6.00M,6.20M,5.50M,4.60M,6.70M,,,,
Operating Interest Expense,,,,,,,,,,,,,,,,,,,,,,,,,,,,,,,,,,,,50.33M,41.37M,32.89M,29.90M,25.43M,27.31M,30.41M,24.81M,18.38M,18.34M,12.10M,9.029M,12.19M,,,,,,,,,,,,,,,,,,,,,,,,,,,,,,,,,,,,,,,,,,,,,,,,,,,,,,,,,,,,,,,,,,,,,,,,,,,,
Net Operating Interest Income,-40.70M,-39.62M,-49.91M,-54.91M,-56.02M,-63.63M,-63.44M,-61.96M,-63.36M,-69.08M,-70.41M,-71.52M,-71.32M,-70.86M,-71.11M,-68.39M,-62.99M,-60.57M,-60.48M,-53.34M,-49.74M,-49.70M,-51.87M,-50.15M,-52.51M,-59.38M,-61.65M,-61.92M,-59.35M,-53.15M,-50.78M,-50.27M,-56.59M,-52.19M,-51.25M,-50.33M,-41.37M,-32.89M,-29.90M,-25.43M,-27.31M,-30.41M,-24.81M,-18.38M,-18.34M,-12.10M,-9.029M,-12.19M,,,,,,,,,,,,,,,,,,,,,,,,,,,,,,,,,,,,,,,,,,,,,,,,,,,,,,,,,,,,,,,,,,,,,,,,,,,,
Other Operating Expenses,209.92M,227.77M,184.59M,169.55M,237.25M,193.13M,201.06M,180.20M,202.45M,190.98M,204.32M,210.95M,202.87M,219.43M,186.77M,209.25M,234.17M,221.12M,238.36M,271.99M,291.72M,292.71M,279.21M,287.18M,259.73M,266.92M,285.49M,220.40M,210.46M,203.11M,183.48M,163.76M,481.42M,48.47M,41.24M,,,,,,,,,,,,,,-67.67M,-47.90M,-46.09M,1.205M,,,,,,,,,-3.919M,,,,40.28M,-26.00M,,-0.291M,,,,,,,,,,-0.035M,,,,,,,,,,,,,,,,,,,,,,,,,,,,,,,,,,,,,,,,,,,,,,
Total Operating Expenses,1.772B,1.910B,2.012B,1.739B,1.894B,1.840B,1.920B,1.560B,1.487B,1.222B,1.234B,1.175B,1.043B,958.22M,858.00M,711.31M,892.53M,1.033B,1.113B,1.101B,1.437B,1.808B,1.619B,1.572B,1.418B,1.415B,1.483B,1.338B,1.313B,1.172B,1.072B,1.067B,-509.76M,1.454B,1.285B,1.130B,-320.85M,888.20M,799.36M,736.56M,682.93M,627.74M,531.89M,526.63M,479.74M,559.29M,535.26M,436.88M,338.88M,326.50M,322.92M,330.07M,-20.00M,312.50M,278.39M,267.64M,251.07M,250.83M,227.62M,223.62M,212.45M,189.78M,172.38M,174.80M,212.83M,132.18M,143.22M,153.88M,267.17M,138.72M,137.95M,131.21M,134.21M,142.96M,141.58M,148.94M,144.74M,132.84M,124.65M,118.84M,-18.90M,237.20M,127.60M,119.30M,149.47M,114.00M,101.60M,92.40M,105.20M,100.10M,82.80M,82.90M,99.90M,82.40M,84.50M,78.20M,80.50M,78.10M,70.80M,75.70M,80.20M,75.70M,77.80M,88.20M,87.30M,82.50M,80.10M,80.60M,71.40M,61.30M,60.30M,51.80M,60.90M,49.00M,51.10M,54.40M,61.10M,56.10M,50.10M,50.10M,,,,
Operating Income,971.92M,933.76M,1.235B,952.72M,1.229B,1.435B,1.023B,954.17M,694.57M,276.72M,215.76M,317.69M,88.42M,-123.69M,-199.91M,-575.67M,-157.93M,85.65M,113.71M,-105.17M,1.330B,1.781B,1.180B,1.186B,1.078B,847.50M,1.117B,722.39M,697.91M,601.25M,633.27M,625.45M,789.83M,675.80M,757.29M,361.78M,190.86M,341.21M,220.86M,289.50M,778.02M,104.71M,47.06M,346.88M,830.45M,2.424B,291.98M,413.29M,580.47M,366.87M,468.42M,361.08M,389.90M,484.37M,477.51M,651.20M,845.62M,522.16M,418.92M,332.27M,388.05M,274.50M,242.45M,189.08M,190.14M,193.31M,176.87M,238.08M,70.34M,61.70M,69.64M,-20.71M,-18.45M,123.95M,234.24M,354.02M,273.76M,203.69M,139.24M,80.21M,27.39M,-53.30M,15.60M,-9.546M,23.56M,19.10M,32.70M,38.20M,74.10M,48.80M,28.60M,41.20M,57.00M,46.30M,73.60M,31.90M,41.40M,38.00M,73.50M,42.80M,76.20M,18.70M,26.10M,33.00M,14.10M,26.80M,31.60M,29.50M,40.60M,24.40M,13.80M,20.90M,25.40M,6.10M,13.10M,19.10M,23.40M,-6.60M,3.50M,21.50M,-198.10M,64.40M,70.00M,69.90M
Non-Operating Interest Expense,,,,,,,,,,,,,,,,,,,,,,,,,,,,,,,,,,,,50.33M,41.37M,32.89M,29.90M,25.43M,27.31M,30.41M,24.81M,18.38M,18.34M,12.10M,9.029M,12.19M,,,,,,,,,,,,,,,,,,,,,,,,,,,,,,,,,,,,,,,,,,,,,,,,,,,,,,,,,,,,,,,,,,,,,,,,,,,,
Net Non-Operating Interest Income Expense,-40.70M,-39.62M,-49.91M,-54.91M,-56.02M,-63.63M,-63.44M,-61.96M,-63.36M,-69.08M,-70.41M,-71.52M,-71.32M,-70.86M,-71.11M,-68.39M,-62.99M,-60.57M,-60.48M,-53.34M,-49.74M,-49.70M,-51.87M,-50.15M,-52.51M,-59.38M,-61.65M,-61.92M,-59.35M,-53.15M,-50.78M,-50.27M,-56.59M,-52.19M,-51.25M,-50.33M,-41.37M,-32.89M,-29.90M,-25.43M,-27.31M,-30.41M,-24.81M,-18.38M,-18.34M,-12.10M,-9.029M,-12.19M,,,,,,,,,,,,,,,,,,,,,,,,,,,,,,,,,,,,,,,,,,,,,,,,,,,,,,,,,,,,,,,,,,,,,,,,,,,,
Other Income and Expenses,-100.02M,-96.68M,-95.62M,-70.58M,-84.96M,74.64M,-66.58M,-78.85M,-217.86M,-61.65M,-82.88M,-206.79M,-211.11M,-77.70M,-109.26M,-66.91M,-177.91M,-6.300B,-64.70M,-77.82M,-132.07M,-16.53M,-27.23M,-105.20M,-106.24M,-66.57M,-19.98M,100.55M,-1.084B,12.10M,63.75M,-55.05M,-491.61M,275.61M,-162.81M,-85.72M,-9.911M,-347.14M,-80.91M,-66.91M,-124.48M,-69.74M,-45.81M,-63.73M,-77.01M,-18.28M,-35.57M,-30.99M,-46.63M,-29.82M,33.55M,-43.36M,273.84M,-30.38M,67.57M,76.03M,-132.34M,11.62M,-40.54M,-18.88M,-151.84M,27.02M,-30.00M,-38.02M,-208.03M,27.92M,2.68M,-23.47M,-114.77M,-0.064M,0.097M,-3.103M,60.38M,1.272M,1.25M,-0.639M,5.25M,0.035M,0.763M,0.017M,-1.457M,554.50M,31.40M,26.90M,-2.20M,-1.60M,-0.10M,-1.00M,-4.00M,0.20M,1.00M,1.30M,-3.00M,-1.40M,,-0.50M,1.80M,-1.00M,0.50M,-0.60M,-46.10M,33.80M,12.30M,8.30M,4.90M,12.70M,0.60M,1.80M,-1.60M,-0.20M,5.00M,-0.60M,0.90M,11.70M,-2.00M,0.70M,-1.10M,19.30M,11.60M,-0.30M,,,,
Net Interest Income,-40.70M,-39.62M,-49.91M,-54.91M,-56.02M,-63.63M,-63.44M,-61.96M,-63.36M,-69.08M,-70.41M,-71.52M,-71.32M,-70.86M,-71.11M,-68.39M,-62.99M,-60.57M,-60.48M,-53.34M,-49.74M,-49.70M,-51.87M,-50.15M,-52.51M,-59.38M,-61.65M,-61.92M,-59.35M,-53.15M,-50.78M,-50.27M,-56.59M,-52.19M,-51.25M,-50.33M,-41.37M,-32.89M,-29.90M,-25.43M,-27.31M,-30.41M,-24.81M,-18.38M,-18.34M,-12.10M,-9.029M,-12.19M,,,,,,,,,,,,,,,,,,,,,,,,,,,,,,,,,,,,,,,,,,,,,,,,,,,,,,,,,,,,,,,,,,,,,,,,,,,,
Pre-Tax Income,831.21M,797.46M,1.089B,827.24M,1.088B,1.446B,892.94M,813.36M,413.35M,145.98M,62.47M,39.38M,-194.01M,-272.25M,-380.28M,-710.97M,-398.83M,-6.275B,-11.48M,-236.33M,1.149B,1.715B,1.101B,1.031B,919.08M,721.56M,1.035B,761.02M,-445.82M,560.19M,646.24M,520.13M,241.63M,899.22M,543.22M,225.72M,139.57M,-38.81M,110.06M,197.16M,626.24M,4.557M,-23.56M,264.78M,735.09M,2.394B,247.38M,370.11M,511.08M,318.60M,465.87M,335.32M,352.52M,466.00M,464.29M,629.83M,748.22M,518.44M,386.88M,311.60M,298.90M,262.34M,212.74M,152.02M,97.57M,179.60M,165.74M,210.96M,57.11M,42.87M,55.56M,-35.86M,-48.49M,114.98M,224.86M,340.10M,209.64M,188.94M,124.42M,65.66M,10.11M,484.30M,32.20M,3.10M,5.982M,3.90M,22.20M,28.20M,61.10M,41.00M,24.10M,37.30M,49.90M,43.40M,70.40M,27.30M,39.90M,33.40M,71.30M,39.50M,27.80M,50.50M,36.60M,39.10M,16.50M,37.20M,29.60M,28.90M,35.50M,18.60M,11.70M,14.10M,19.60M,11.20M,3.60M,11.20M,13.20M,3.10M,6.00M,12.30M,,,,
Provision for Income Taxes,194.69M,182.34M,241.52M,191.81M,195.57M,255.41M,196.20M,174.77M,-2.017B,45.44M,39.41M,10.86M,-51.66M,-82.25M,-87.72M,-239.19M,-114.53M,-2.199B,-16.75M,-66.58M,704.00M,611.50M,394.46M,369.86M,338.89M,259.06M,375.54M,266.29M,59.18M,204.70M,250.46M,196.12M,120.93M,358.34M,247.65M,91.75M,85.90M,32.09M,50.19M,79.14M,225.81M,0.361M,-6.85M,106.06M,273.62M,837.67M,69.18M,129.16M,149.88M,114.60M,158.82M,117.65M,109.90M,166.86M,132.88M,203.12M,284.56M,174.68M,137.42M,108.90M,92.14M,90.03M,67.81M,51.17M,23.06M,62.18M,56.95M,74.41M,12.69M,13.98M,17.45M,-11.62M,-23.70M,43.01M,88.66M,124.85M,93.09M,72.47M,46.90M,24.17M,-20.38M,-28.60M,11.60M,-2.00M,-3.989M,-2.00M,8.90M,1.20M,17.90M,9.80M,-0.50M,14.20M,14.80M,12.00M,22.80M,1.40M,8.50M,0.40M,23.20M,9.90M,-14.80M,9.50M,2.40M,8.80M,-22.00M,1.40M,-3.90M,-1.30M,-4.60M,-2.00M,-2.90M,-8.20M,-2.70M,-2.20M,-3.70M,-0.70M,-7.00M,-5.40M,0.40M,1.10M,,,,
Income from Continuing Operations,636.52M,615.12M,847.84M,635.43M,892.77M,1.191B,696.73M,638.59M,2.430B,100.54M,23.05M,28.52M,-142.35M,-190.00M,-292.56M,-471.78M,-284.30M,-4.076B,5.268M,-169.75M,444.59M,1.104B,706.35M,660.93M,580.19M,462.50M,659.69M,494.72M,-505.00M,355.49M,395.78M,324.01M,120.70M,540.88M,295.57M,133.97M,53.67M,-70.91M,59.87M,118.02M,400.43M,4.196M,-16.71M,158.71M,461.47M,1.556B,178.21M,240.96M,361.20M,204.00M,307.05M,217.67M,242.62M,299.14M,331.42M,426.71M,463.66M,343.76M,249.46M,202.70M,206.76M,172.31M,144.94M,100.85M,74.51M,117.42M,108.79M,136.56M,44.42M,28.89M,38.11M,-24.24M,-24.80M,71.96M,136.20M,215.25M,161.45M,116.48M,77.52M,41.49M,30.49M,512.90M,20.60M,5.10M,9.971M,5.90M,13.30M,27.00M,43.20M,31.20M,24.60M,23.10M,35.10M,31.40M,47.60M,25.90M,31.40M,33.00M,48.10M,29.60M,42.60M,41.00M,34.20M,30.30M,38.50M,35.80M,33.50M,30.20M,40.10M,20.60M,14.60M,22.30M,22.30M,13.40M,7.30M,11.90M,20.20M,8.50M,5.60M,11.20M,2.10M,-3.30M,-2.50M,-2.40M
"Extraordinary Items, Income Statement",,,,,,,,,,,,,,,,,,,,,,,,,,,,,,,,,,,,,,,,,,,,,,,,,,,,,,,,,,,,,,,,,0.00,,,-7.131M,,,,,,,,,,,,,,,,,,,,,,,,,,,,,,,,,,,,,,,,,,,,,,,,,,,,,,,,
Preferred Stock Dividend,,,,,,,,,,,,,,,,,,,,,,,,,,,,,,,,,,,,,,,,,,,,,0.00,,,0.443M,3.161M,1.637M,0.99M,0.875M,5.421M,1.858M,1.858M,1.858M,1.859M,1.857M,1.858M,1.858M,2.618M,2.758M,2.758M,2.758M,2.758M,2.758M,2.758M,2.758M,2.758M,2.758M,2.758M,2.758M,2.757M,2.759M,2.757M,2.721M,2.759M,2.755M,2.86M,2.654M,,,,,,,,,,,,,,,,,,,,,,,,,,,,,,,,,,,,,,,,,,,,
Net Income,636.52M,615.12M,847.84M,635.43M,892.77M,1.191B,696.73M,638.59M,2.430B,100.54M,23.05M,28.52M,-142.35M,-190.00M,-292.56M,-471.78M,-284.30M,-4.076B,5.268M,-169.75M,444.59M,1.104B,706.35M,660.93M,580.19M,462.50M,659.69M,494.72M,-505.00M,355.49M,395.78M,324.01M,120.70M,540.88M,295.57M,133.97M,53.67M,-70.91M,59.87M,118.02M,400.43M,4.196M,-16.71M,158.71M,461.47M,1.556B,178.21M,240.96M,361.20M,204.00M,307.05M,217.67M,242.62M,299.14M,331.42M,426.71M,463.66M,343.76M,249.46M,202.70M,206.76M,172.31M,144.94M,100.85M,74.51M,117.42M,108.79M,129.42M,44.42M,28.89M,38.11M,-24.24M,-24.80M,71.96M,136.20M,215.25M,161.45M,116.48M,77.52M,41.49M,30.49M,512.90M,20.60M,5.10M,9.971M,5.90M,13.30M,27.00M,43.20M,31.20M,24.60M,23.10M,35.10M,31.40M,47.60M,25.90M,31.40M,33.00M,48.10M,29.60M,42.60M,41.00M,34.20M,30.30M,38.50M,35.80M,33.50M,30.20M,40.10M,20.60M,14.60M,22.30M,22.30M,13.40M,7.30M,11.90M,20.20M,8.50M,5.60M,11.20M,2.10M,-3.30M,-2.50M,-2.40M
Normalized Income,719.36M,696.59M,929.06M,694.09M,979.87M,1.132B,741.99M,701.46M,2.562B,143.24M,75.76M,179.68M,-0.0719M,-141.15M,-224.59M,-430.55M,-161.81M,21.88M,49.72M,-120.91M,512.02M,1.101B,728.87M,726.12M,641.75M,512.25M,675.57M,422.78M,194.38M,352.66M,359.74M,364.73M,132.35M,375.10M,401.40M,189.69M,69.37M,154.73M,112.46M,158.16M,480.02M,68.41M,15.78M,196.95M,509.82M,1.568B,203.83M,261.13M,394.15M,223.10M,284.94M,245.82M,54.15M,318.64M,283.19M,375.19M,545.67M,336.05M,275.59M,214.98M,311.79M,154.56M,165.37M,126.08M,233.37M,99.17M,107.03M,151.75M,133.68M,28.93M,38.04M,-22.14M,-61.03M,71.17M,135.45M,215.65M,158.30M,116.46M,77.04M,41.48M,31.37M,180.20M,0.5118M,-11.04M,11.29M,6.86M,13.36M,27.96M,46.03M,31.05M,24.00M,22.29M,37.21M,32.41M,47.60M,26.37M,29.98M,33.99M,47.76M,30.05M,70.26M,13.56M,22.71M,23.87M,35.56M,23.58M,33.14M,29.12M,41.06M,20.72M,11.60M,22.66M,21.76M,6.38M,8.50M,11.48M,20.86M,-3.08M,-5.227M,11.47M,,,,
EBITDA,1.568B,1.887B,2.192B,1.832B,1.994B,2.354B,1.872B,1.703B,1.007B,1.123B,1.081B,1.134B,485.97M,775.82M,662.58M,353.22M,-6.009B,807.82M,1.023B,807.62M,2.063B,2.821B,2.177B,2.133B,1.901B,1.776B,2.027B,1.569B,420.67M,1.427B,1.442B,1.374B,952.08M,1.327B,1.360B,844.28M,724.73M,494.96M,605.30M,654.49M,1.052B,420.29M,376.85M,672.48M,1.122B,2.752B,571.71M,679.50M,862.71M,646.06M,728.20M,605.42M,620.34M,700.44M,670.44M,828.85M,1.023B,686.53M,578.82M,485.28M,532.18M,404.76M,358.67M,302.88M,311.40M,303.75M,283.46M,341.64M,175.76M,161.91M,167.60M,73.75M,79.17M,227.30M,331.71M,447.98M,369.36M,295.75M,229.83M,164.35M,-11.84M,144.80M,104.40M,72.45M,109.27M,103.50M,116.40M,99.50M,148.30M,142.50M,86.90M,93.20M,126.60M,105.70M,143.40M,84.40M,99.50M,94.20M,122.10M,95.90M,136.80M,73.30M,88.30M,97.80M,81.20M,91.00M,90.30M,89.30M,93.30M,69.80M,55.80M,60.70M,76.60M,39.20M,51.70M,57.20M,69.80M,31.30M,40.60M,56.00M,-198.10M,64.40M,70.00M,69.90M
Reconciled Depreciation,959.21M,953.60M,957.30M,879.60M,919.96M,918.18M,848.67M,748.59M,881.74M,846.22M,865.38M,816.04M,862.52M,899.51M,862.49M,928.89M,769.46M,722.17M,909.23M,912.79M,1.014B,1.040B,996.60M,946.49M,915.26M,928.80M,910.53M,846.39M,786.34M,825.85M,808.76M,748.74M,693.53M,651.68M,602.94M,568.23M,543.79M,500.89M,465.34M,431.91M,398.94M,385.33M,375.59M,389.33M,368.14M,346.25M,315.29M,297.20M,282.23M,279.19M,259.78M,244.34M,230.44M,216.07M,192.93M,177.65M,176.97M,164.37M,159.90M,153.02M,144.12M,130.26M,116.22M,113.80M,121.26M,110.44M,106.59M,103.55M,105.41M,100.21M,97.96M,94.46M,97.62M,103.35M,97.47M,93.96M,92.48M,92.06M,90.59M,84.14M,-39.23M,198.10M,88.80M,82.00M,85.71M,84.40M,83.70M,61.30M,74.20M,93.70M,58.30M,52.00M,69.60M,59.40M,69.80M,52.50M,58.10M,56.20M,48.60M,53.10M,60.60M,54.60M,62.20M,64.80M,67.10M,64.20M,58.60M,59.80M,52.70M,45.30M,42.00M,39.80M,51.20M,33.10M,38.50M,38.10M,46.40M,37.90M,37.10M,34.50M,,,,
EBIT,609.02M,933.76M,1.235B,952.72M,1.074B,1.435B,1.023B,954.17M,125.39M,276.72M,215.76M,317.69M,-376.55M,-123.69M,-199.91M,-575.67M,-6.778B,85.65M,113.71M,-105.17M,1.049B,1.781B,1.180B,1.186B,985.60M,847.50M,1.117B,722.39M,-365.67M,601.25M,633.27M,625.45M,258.55M,675.80M,757.29M,276.06M,180.94M,-5.923M,139.96M,222.58M,653.54M,34.96M,1.255M,283.15M,753.44M,2.406B,256.41M,382.30M,580.47M,366.87M,468.42M,361.08M,389.90M,484.37M,477.51M,651.20M,845.62M,522.16M,418.92M,332.27M,388.05M,274.50M,242.45M,189.08M,190.14M,193.31M,176.87M,238.08M,70.34M,61.70M,69.64M,-20.71M,-18.45M,123.95M,234.24M,354.02M,273.76M,203.69M,139.24M,80.21M,27.39M,-53.30M,15.60M,-9.546M,23.56M,19.10M,32.70M,38.20M,74.10M,48.80M,28.60M,41.20M,57.00M,46.30M,73.60M,31.90M,41.40M,38.00M,73.50M,42.80M,76.20M,18.70M,26.10M,33.00M,14.10M,26.80M,31.60M,29.50M,40.60M,24.40M,13.80M,20.90M,25.40M,6.10M,13.10M,19.10M,23.40M,-6.60M,3.50M,21.50M,-198.10M,64.40M,70.00M,69.90M
EPS Basic from Continuing Operations,1.10,1.06,1.47,1.10,1.55,2.06,1.21,1.11,4.22,0.17,0.04,0.05,-0.25,-0.35,-0.53,-0.86,-0.52,-7.47,0.01,-0.31,0.82,2.03,1.30,1.22,1.07,0.85,1.22,0.92,-0.94,0.665,0.74,0.61,0.22,1.015,0.555,0.26,0.105,-0.14,0.12,0.235,0.805,0.01,-0.035,0.32,0.93,3.15,0.36,0.49,0.735,0.415,0.63,0.445,0.49,0.615,0.68,0.88,0.96,0.715,0.52,0.425,0.435,0.36,0.305,0.21,0.1575,0.25,0.2325,0.2925,0.09,0.0575,0.0775,-0.0575,-0.0575,0.15,0.2875,0.4575,0.34,0.245,0.16,0.0825,0.10,0.9375,0.0325,0.0075,0.015,0.01,0.0225,0.0425,0.07,0.05,0.04,0.0375,0.055,0.05,0.075,0.04,0.05,0.0525,0.075,0.0475,0.0675,0.065,0.0525,0.0475,0.06,0.0575,0.0525,0.0475,0.0625,0.035,0.025,0.0375,0.035,0.0225,0.0125,0.02,0.0325,0.015,0.01,0.02,,-0.0075,-0.005,-0.005
EPS Basic from Discontinued Operations,,,,,,,,,,,,,,,,,,,,,,,,,,,,,,,,,,0.00,0.00,0.00,,0.00,0.00,0.00,0.00,0.00,0.00,0.00,0.00,0.00,0.00,0.00,0.00,0.00,0.00,0.00,0.00,0.00,0.00,0.00,0.00,0.00,0.00,0.00,0.00,0.00,0.00,0.00,0.00,0.00,0.00,-0.015,0.00,0.00,0.00,0.00,0.00,0.00,0.00,0.00,0.00,0.00,0.00,0.00,0.00,0.00,0.00,0.00,0.00,0.00,0.00,0.00,0.00,0.00,0.00,0.00,0.00,0.00,0.00,0.00,0.00,0.00,0.00,0.00,0.00,0.00,0.00,0.00,0.00,0.00,0.00,0.00,0.00,0.00,0.00,0.00,0.00,0.00,0.00,0.00,0.00,0.00,0.00,0.00,,0.00,0.00,0.00
EPS Basic from Extraordinaries,,,,,,,,,,,,,,,,,,,,,,,,,,,,,,,,,,,,,,,,,,,,,,,,,,,,,,,,,,,,,,,,,0.00,,,0.00,,,,,,,,,,,,,,,,,,,,,,,,,,,,,,,,,,,,,,,,,,,,,,,,,,,,,,,,
Normalized Basic EPS,1.243,1.201,1.611,1.202,1.701,1.959,1.289,1.219,4.448,0.2443,0.1318,0.3134,-0.0011,-0.2608,-0.4058,-0.7846,-0.2958,0.0359,0.0915,-0.2204,0.9438,2.024,1.341,1.340,1.184,0.9420,1.249,0.7865,0.3604,0.6597,0.6725,0.6864,0.2419,0.7034,0.7540,0.3692,0.1362,0.3095,0.2248,0.3152,0.9642,0.1387,0.0304,0.3971,1.028,3.174,0.4120,0.5311,0.8024,0.4542,0.5845,0.5030,0.1014,0.6553,0.5802,0.7732,1.131,0.6989,0.5749,0.4509,0.6574,0.3222,0.3489,0.2645,0.5031,0.2102,0.2287,0.3257,0.2846,0.0576,0.0774,-0.0530,-0.1362,0.1483,0.2859,0.4584,0.3333,0.2450,0.1590,0.0825,0.1018,0.3294,0.0008,-0.0162,0.0171,0.0116,0.0226,0.0440,0.0746,0.0498,0.0390,0.0362,0.0582,0.0516,0.075,0.0407,0.0478,0.0541,0.0745,0.0482,0.1106,0.0215,0.0349,0.0374,0.0554,0.0379,0.0519,0.0458,0.0639,0.0352,0.0199,0.0381,0.0342,0.0107,0.0146,0.0193,0.0335,-0.0054,-0.0093,0.0205,,-0.0075,-0.005,-0.005
EPS Basic,1.10,1.06,1.47,1.10,1.55,2.06,1.21,1.11,4.22,0.17,0.04,0.05,-0.25,-0.35,-0.53,-0.86,-0.52,-7.47,0.01,-0.31,0.82,2.03,1.30,1.22,1.07,0.85,1.22,0.92,-0.94,0.665,0.74,0.61,0.22,1.015,0.555,0.26,0.105,-0.14,0.12,0.235,0.805,0.01,-0.035,0.32,0.93,3.15,0.36,0.49,0.735,0.415,0.63,0.445,0.49,0.615,0.68,0.88,0.96,0.715,0.52,0.425,0.435,0.36,0.305,0.21,0.1575,0.25,0.2325,0.2775,0.09,0.0575,0.0775,-0.0575,-0.0575,0.15,0.2875,0.4575,0.34,0.245,0.16,0.0825,0.10,0.9375,0.0325,0.0075,0.015,0.01,0.0225,0.0425,0.07,0.05,0.04,0.0375,0.055,0.05,0.075,0.04,0.05,0.0525,0.075,0.0475,0.0675,0.065,0.0525,0.0475,0.06,0.0575,0.0525,0.0475,0.0625,0.035,0.025,0.0375,0.035,0.0225,0.0125,0.02,0.0325,0.015,0.01,0.02,,-0.0075,-0.005,-0.005
EPS Diluted from Continuing Operations,1.10,1.06,1.46,1.10,1.54,2.05,1.20,1.10,4.20,0.17,0.04,0.05,-0.25,-0.35,-0.53,-0.86,-0.52,-7.47,0.01,-0.31,0.81,2.01,1.29,1.21,1.06,0.85,1.21,0.91,-0.94,0.655,0.735,0.60,0.22,1.005,0.55,0.26,0.105,-0.14,0.12,0.23,0.795,0.01,-0.035,0.315,0.92,3.10,0.355,0.48,0.72,0.41,0.62,0.44,0.48,0.605,0.67,0.865,0.94,0.70,0.51,0.415,0.425,0.355,0.30,0.21,0.1525,0.2475,0.2275,0.2875,0.09,0.055,0.075,-0.0575,-0.0575,0.1475,0.2825,0.4475,0.3325,0.2375,0.1575,0.0825,0.0975,0.9275,0.0325,0.0075,0.015,0.01,0.0225,0.0425,0.0675,0.05,0.04,0.035,0.055,0.0475,0.0725,0.04,0.05,0.0525,0.075,0.0475,0.0675,0.065,0.0525,0.0475,0.0575,0.0575,0.0525,0.0475,0.0625,0.035,0.025,0.0375,0.035,0.0225,0.0125,0.02,0.0325,0.015,0.01,0.02,,-0.0075,-0.005,-0.005
EPS Diluted from Discontinued Operations,,,,,,,,,,,,,,,,,,,,,,,,,,,,,,,,,,0.00,0.00,0.00,,0.00,0.00,0.00,0.00,0.00,0.00,0.00,0.00,0.00,0.00,0.00,0.00,0.00,0.00,0.00,0.00,0.00,0.00,0.00,0.00,0.00,0.00,0.00,0.00,0.00,0.00,0.00,0.00,0.00,0.00,-0.015,0.00,0.00,0.00,0.00,0.00,0.00,0.00,0.00,0.00,0.00,0.00,0.00,0.00,0.00,0.00,0.00,0.00,0.00,0.00,0.00,0.00,0.00,0.00,0.00,0.00,0.00,0.00,0.00,0.00,0.00,0.00,0.00,0.00,0.00,0.00,0.00,0.00,0.00,0.00,0.00,0.00,0.00,0.00,0.00,0.00,0.00,0.00,0.00,0.00,0.00,0.00,0.00,,0.00,0.00,0.00
EPS Diluted from Extraordinaries,,,,,,,,,,,,,,,,,,,,,,,,,,,,,,,,,,,,,,,,,,,,,,,,,,,,,,,,,,,,,,,,,0.0000,,,-0.0156,,,,,,,,,,,,,,,,,,,,,,,,,,,,,,,,,,,,,,,,,,,,,,,,,,,,,,,,
Normalized Diluted EPS,1.243,1.200,1.600,1.201,1.690,1.949,1.278,1.208,4.426,0.2438,0.1311,0.3113,-0.0011,-0.2608,-0.4058,-0.7846,-0.2958,0.0359,0.0909,-0.2204,0.9328,2.004,1.331,1.329,1.172,0.9409,1.239,0.7779,0.3453,0.6498,0.6683,0.6753,0.2416,0.6972,0.7465,0.3676,0.1358,0.3095,0.2233,0.3091,0.9519,0.1372,0.0304,0.3914,1.017,3.124,0.4060,0.5204,0.7862,0.4486,0.5753,0.4971,0.0976,0.6446,0.5719,0.7603,1.107,0.6843,0.5637,0.4404,0.6427,0.3179,0.3430,0.2636,0.4913,0.2083,0.2237,0.3202,0.2804,0.0551,0.0749,-0.0530,-0.1359,0.1458,0.2809,0.4484,0.3262,0.2375,0.1565,0.0825,0.0993,0.3259,0.0008,-0.0162,0.0171,0.0116,0.0226,0.0440,0.0719,0.0498,0.0390,0.0338,0.0582,0.0490,0.0725,0.0407,0.0478,0.0541,0.0745,0.0482,0.1106,0.0215,0.0349,0.0374,0.0531,0.0379,0.0519,0.0458,0.0639,0.0352,0.0199,0.0381,0.0342,0.0107,0.0146,0.0193,0.0335,-0.0054,-0.0093,0.0205,,-0.0075,-0.005,-0.005
EPS Diluted,1.10,1.06,1.46,1.10,1.54,2.05,1.20,1.10,4.20,0.17,0.04,0.05,-0.25,-0.35,-0.53,-0.86,-0.52,-7.47,0.01,-0.31,0.81,2.01,1.29,1.21,1.06,0.85,1.21,0.91,-0.94,0.655,0.735,0.60,0.22,1.005,0.55,0.26,0.105,-0.14,0.12,0.23,0.795,0.01,-0.035,0.315,0.92,3.10,0.355,0.48,0.72,0.41,0.62,0.44,0.48,0.605,0.67,0.865,0.94,0.70,0.51,0.415,0.425,0.355,0.30,0.21,0.1525,0.2475,0.2275,0.2725,0.09,0.055,0.075,-0.0575,-0.0575,0.1475,0.2825,0.4475,0.3325,0.2375,0.1575,0.0825,0.0975,0.9275,0.0325,0.0075,0.015,0.01,0.0225,0.0425,0.0675,0.05,0.04,0.035,0.055,0.0475,0.0725,0.04,0.05,0.0525,0.075,0.0475,0.0675,0.065,0.0525,0.0475,0.0575,0.0575,0.0525,0.0475,0.0625,0.035,0.025,0.0375,0.035,0.0225,0.0125,0.02,0.0325,0.015,0.01,0.02,,-0.0075,-0.005,-0.005
Average Basic Shares Outstanding,578.19M,577.84M,577.46M,577.21M,577.02M,577.25M,576.14M,575.78M,575.37M,574.78M,574.44M,573.94M,571.65M,547.84M,547.34M,546.72M,546.39M,545.92M,545.50M,545.00M,544.51M,543.98M,543.10M,542.28M,541.76M,540.94M,540.03M,538.72M,537.80M,535.88M,533.75M,533.35M,531.90M,532.11M,531.66M,510.40M,502.69M,502.03M,501.65M,500.74M,500.09M,499.07M,496.41M,495.98M,495.24M,494.31M,493.07M,490.86M,488.91M,486.97M,486.45M,485.53M,484.96M,483.82M,483.23M,482.24M,480.63M,478.69M,476.50M,474.59M,472.19M,469.64M,465.55M,462.58M,459.68M,458.46M,457.53M,457.71M,458.70M,462.48M,462.95M,461.94M,460.46M,462.77M,463.48M,465.54M,468.62M,467.44M,464.90M,471.31M,474.76M,547.09M,633.85M,680.00M,616.03M,590.00M,591.11M,635.29M,611.36M,624.00M,615.00M,616.00M,650.38M,628.00M,634.67M,647.50M,633.45M,628.57M,641.33M,623.16M,641.16M,630.77M,651.43M,637.89M,641.64M,622.61M,638.10M,635.79M,662.94M,588.57M,584.00M,594.67M,661.82M,595.56M,584.00M,595.00M,640.78M,566.67M,560.00M,560.00M,607.20M,595.20M,595.20M,595.20M
Average Diluted Shares Outstanding,579.54M,581.27M,580.25M,580.22M,580.44M,581.56M,580.38M,579.73M,579.41M,578.74M,578.48M,578.59M,571.65M,547.84M,547.34M,546.72M,546.39M,545.92M,549.68M,545.00M,548.95M,549.52M,548.68M,548.07M,547.77M,547.15M,545.48M,544.53M,544.13M,541.96M,539.97M,540.48M,538.67M,538.58M,538.66M,517.64M,509.34M,502.03M,509.01M,507.74M,507.34M,504.84M,496.41M,500.41M,499.75M,501.86M,502.27M,499.53M,497.45M,494.85M,494.52M,493.35M,492.86M,492.27M,491.77M,491.85M,490.62M,489.80M,486.83M,484.23M,482.49M,478.71M,474.83M,470.48M,468.90M,465.48M,464.52M,464.90M,468.72M,468.31M,470.76M,461.94M,461.90M,468.56M,472.19M,475.81M,503.31M,467.44M,476.71M,473.12M,480.62M,552.99M,633.85M,680.00M,625.17M,590.00M,591.11M,635.29M,643.86M,624.00M,615.00M,660.00M,655.62M,661.05M,656.55M,647.50M,641.74M,628.57M,641.33M,623.16M,641.16M,630.77M,651.43M,637.89M,671.84M,622.61M,638.10M,635.79M,662.94M,588.57M,584.00M,594.67M,661.82M,595.56M,584.00M,595.00M,640.78M,566.67M,560.00M,560.00M,607.20M,595.20M,595.20M,595.20M
Dividend Per Share,0.2875,0.2875,0.22,0.22,0.22,0.185,0.185,0.1675,0.1675,0.1675,0.1675,0.1675,0.1675,0.1675,0.1675,0.1675,0.1675,0.1675,0.1675,0.1675,0.1675,0.125,0.125,0.0938,0.0938,0.0938,0.0938,0.085,0.085,0.085,0.085,0.08,0.08,0.08,0.08,0.0775,0.0775,0.0775,0.0775,0.0725,0.0725,0.0725,0.0725,0.0675,0.0675,0.06,0.06,0.045,0.045,0.045,0.045,0.03,0.03,0.03,0.03,0.02,0.02,0.02,0.02,0.015,0.015,0.015,0.015,0.0125,0.0125,0.0125,0.01,0.01,0.01,0.01,0.01,0.01,0.01,0.01,0.01,0.0088,0.0088,0.0088,0.0075,0.015,0.0075,0.0075,0.0075,0.0075,0.0075,0.0075,0.0075,0.0075,0.0075,0.0075,0.0075,0.0075,0.0075,0.0075,0.0075,0.0075,0.0075,0.0075,0.0075,0.0075,0.0075,0.0075,0.0075,0.0075,0.0075,0.0075,0.0075,0.0075,0.0062,0.0062,0.0062,0.0062,0.0062,0.0062,0.0062,0.0062,0.0062,0.0062,0.0062,0.0062,,,,
As Originally Reported,AOR,AOR,AOR,AOR,AOR,AOR,AOR,AOR,AOR,AOR,AOR,AOR,AOR,AOR,AOR,AOR,AOR,AOR,AOR,AOR,AOR,AOR,AOR,AOR,AOR,AOR,AOR,AOR,AOR,AOR,AOR,AOR,AOR,AOR,AOR,AOR,AOR,AOR,AOR,AOR,AOR,AOR,AOR,AOR,,,,,,,,,,,,,,,,,,,,,,,,,,,,,,,,,,,,,,,,,,,,,,,,,,,,,,,,,,,,,,,,,,,,,,,,,,,,,,,,
Restated,,,,,Restated,Restated,Restated,Restated,Restated,Restated,Restated,Restated,Restated,Restated,Restated,Restated,Restated,Restated,Restated,Restated,Restated,Restated,Restated,Restated,Restated,Restated,Restated,Restated,Restated,Restated,Restated,Restated,Restated,Restated,Restated,Restated,Restated,Restated,Restated,Restated,Restated,Restated,Restated,Restated,Restated,Restated,Restated,Restated,,,,,,,,,,,,,,,,,,,,,,,,,,,,,,,,,,,,,,,,,,,,,,,,,,,,,,,,,,,,,,,,,,,,,,,,,,,,
