Income (Quarterly),2019-12,2019-09,2019-06,2019-03,2018-12,2018-09,2018-06,2018-03,2017-12,2017-09,2017-06,2017-03,2016-12,2016-09,2016-06,2016-03,2015-12,2015-09,2015-06,2015-03,2014-12,2014-09,2014-06,2014-03,2013-12,2013-09,2013-06,2013-03,2012-12,2012-09,2012-06,2012-03,2011-12,2011-09,2011-06,2011-03,2010-12,2010-09,2010-06,2010-03,2009-12,2009-09,2009-06,2009-03,2008-12,2008-09,2008-06,2008-03,2007-12,2007-09,2007-06,2007-03,2006-12,2006-09,2006-06,2006-03,2005-12,2005-09,2005-06,2005-03,2004-12,2004-09,2004-06,2004-03,2003-12,2003-09,2003-06,2003-03,2002-12,2002-09,2002-06,2002-03,2001-12,2001-09,2001-06,2001-03,2000-12,2000-09,2000-06,2000-03,1999-12,1999-09,1999-06,1999-03,1998-12,1998-09,1998-06,1998-03,1997-12,1997-09,1997-06,1997-03,1996-12,1996-09,1996-06,1996-03,1995-12,1995-09,1995-06,1995-03,1994-12,1994-09,1994-06,1994-03,1993-12,1993-09,1993-06,1993-03,1992-12,1992-09,1992-06,1992-03,1991-12,1991-09,1991-06,1991-03,1990-12,1990-09,1990-06,1990-03,1989-12,1989-09,1989-06,1989-03,1988-12,1988-09,1988-06,1988-03,1987-12,1987-09,1987-06,1987-03,1986-12,1986-09,1986-06,1986-03,1985-12,1985-09,1985-06,1985-03,1984-12,1984-09,1984-06,1984-03
Operating Revenue,725.96M,771.53M,715.47M,661.55M,761.82M,767.90M,685.23M,645.85M,658.48M,673.06M,632.20M,591.47M,617.30M,645.96M,566.14M,550.89M,623.94M,717.22M,623.95M,637.79M,789.99M,867.10M,799.04M,783.68M,832.46M,829.11M,794.55M,782.20M,838.15M,867.69M,854.27M,814.86M,851.79M,886.36M,794.32M,710.63M,695.81M,694.54M,655.66M,619.04M,619.58M,620.31M,525.90M,543.80M,799.82M,915.43M,774.06M,729.62M,708.17M,673.46M,600.76M,554.02M,607.08M,673.89M,604.97M,574.96M,624.76M,595.92M,522.26M,472.63M,518.39M,506.76M,461.80M,437.11M,454.22M,453.70M,448.76M,424.64M,435.70M,431.56M,409.00M,377.44M,419.31M,447.29M,427.34M,434.87M,9.757M,445.87M,413.14M,401.88M,-63.98M,392.50M,369.69M,352.20M,372.40M,377.30M,360.60M,374.90M,375.20M,370.40M,360.30M,359.20M,360.60M,368.20M,347.20M,326.20M,332.80M,336.90M,319.90M,306.20M,319.70M,319.20M,284.50M,265.10M,281.70M,299.50M,281.60M,279.30M,215.30M,292.60M,250.90M,246.50M,262.50M,274.10M,260.50M,286.70M,275.50M,243.50M,254.20M,237.60M,227.70M,240.00M,216.90M,200.10M,195.10M,195.70M,173.50M,170.00M,220.40M,150.40M,139.10M,125.20M,132.60M,128.90M,134.30M,162.30M,162.70M,158.80M,163.00M,163.80M,170.10M,170.20M,164.10M,160.80M
Revenue,725.97M,771.54M,715.48M,661.62M,761.65M,768.05M,685.28M,645.87M,658.60M,673.18M,632.28M,591.56M,617.40M,646.06M,566.24M,550.96M,624.03M,717.18M,623.91M,637.86M,790.04M,867.10M,798.66M,783.75M,832.50M,829.17M,794.57M,782.23M,838.15M,867.72M,854.27M,814.86M,851.03M,886.36M,794.32M,710.63M,695.74M,694.54M,655.66M,619.04M,619.58M,620.31M,525.90M,543.80M,799.82M,915.43M,774.06M,729.62M,708.17M,673.46M,600.76M,554.02M,607.08M,673.89M,604.97M,574.96M,624.76M,595.92M,522.26M,472.63M,518.39M,506.76M,461.80M,437.11M,454.22M,453.70M,448.76M,424.64M,435.70M,431.56M,409.00M,377.44M,419.31M,447.29M,427.34M,434.87M,9.757M,445.87M,413.14M,401.88M,-63.98M,392.50M,369.69M,352.20M,372.40M,377.30M,360.60M,374.90M,375.20M,370.40M,360.30M,359.20M,360.60M,368.20M,347.20M,326.20M,332.80M,336.90M,319.90M,306.20M,319.70M,319.20M,284.50M,265.10M,281.70M,299.50M,281.60M,279.30M,215.30M,292.60M,250.90M,246.50M,262.50M,274.10M,260.50M,286.70M,275.50M,243.50M,254.20M,237.60M,227.70M,240.00M,216.90M,200.10M,195.10M,195.70M,173.50M,170.00M,220.40M,150.40M,139.10M,125.20M,132.60M,128.90M,134.30M,162.30M,162.70M,158.80M,163.00M,163.80M,170.10M,170.20M,164.10M,160.80M
Cost of Goods Sold,625.17M,674.23M,642.85M,583.68M,677.05M,669.98M,606.48M,573.98M,571.38M,561.71M,554.48M,521.82M,521.30M,540.61M,480.79M,482.11M,540.81M,620.08M,551.18M,568.36M,721.87M,775.06M,715.47M,694.54M,752.06M,741.13M,714.36M,713.41M,800.88M,776.02M,774.86M,739.04M,782.86M,791.86M,730.66M,647.26M,636.50M,621.91M,592.03M,558.33M,580.27M,551.67M,490.85M,499.14M,416.36M,841.30M,752.45M,658.87M,540.87M,536.25M,463.92M,434.69M,473.39M,521.19M,464.12M,,470.62M,443.81M,387.08M,343.17M,392.24M,357.36M,324.69M,302.47M,307.62M,312.61M,311.94M,287.94M,292.72M,280.05M,256.72M,232.73M,274.26M,287.06M,362.64M,369.15M,-400.93M,385.36M,356.01M,333.67M,-452.72M,335.90M,311.00M,298.20M,,,306.60M,318.40M,323.60M,309.40M,310.10M,309.80M,313.40M,323.40M,,,292.30M,280.20M,273.80M,262.00M,273.60M,267.60M,241.60M,231.60M,,,,,,,,,,,,,,,,,,,,,,,,,,,,,,,,,,,,,,,,
Gross Profit,100.80M,97.31M,72.63M,77.94M,84.60M,98.06M,78.80M,71.89M,87.22M,111.47M,77.80M,69.74M,96.09M,105.44M,85.46M,68.85M,83.22M,97.10M,72.73M,69.51M,68.17M,92.04M,83.18M,89.21M,80.44M,88.04M,80.21M,68.82M,37.27M,91.70M,79.41M,75.82M,68.17M,94.49M,63.66M,63.38M,59.24M,72.63M,63.63M,60.71M,39.31M,68.64M,35.06M,44.66M,383.45M,74.13M,21.60M,70.75M,167.30M,137.21M,136.84M,119.34M,133.69M,152.71M,140.85M,,154.14M,152.11M,135.18M,129.46M,126.15M,149.40M,137.11M,134.64M,146.60M,141.09M,136.81M,136.70M,142.98M,151.51M,152.28M,144.71M,145.05M,160.23M,64.70M,65.72M,410.68M,60.51M,57.13M,68.20M,388.74M,56.60M,58.69M,54.00M,,,54.00M,56.50M,51.60M,61.00M,50.20M,49.40M,47.20M,44.80M,,,40.50M,56.70M,46.10M,44.20M,46.10M,51.60M,42.90M,33.50M,,,,,,,,,,,,,,,,,,,,,,,,,,,,,,,,,,,,,,,,
Special Income and Charges,2.652M,3.25M,3.175M,2.91M,2.638M,1.962M,2.983M,3.294M,3.575M,3.482M,3.027M,2.399M,2.315M,92.27M,1.997M,1.739M,1.562M,2.057M,1.896M,1.413M,1.838M,1.937M,1.387M,1.609M,1.531M,1.255M,1.56M,1.215M,1.459M,1.611M,1.997M,1.94M,0.102M,2.228M,1.87M,1.764M,-0.862M,1.689M,2.637M,2.552M,2.67M,3.746M,5.847M,5.227M,4.135M,3.393M,2.94M,2.663M,2.161M,1.992M,1.788M,1.83M,1.994M,2.676M,2.307M,2.25M,1.99M,1.964M,1.657M,1.514M,1.044M,2.793M,2.406M,2.093M,1.721M,1.594M,1.435M,1.431M,1.44M,1.711M,1.53M,1.128M,1.568M,1.522M,1.466M,1.941M,-1.767M,2.312M,2.051M,1.96M,-1.374M,1.90M,1.60M,1.60M,,,4.60M,4.40M,4.40M,4.20M,4.40M,4.20M,6.80M,3.50M,,,3.90M,3.90M,3.90M,3.60M,3.80M,3.50M,3.00M,2.80M,,,,,,,,,,,,,,,,,,,,,,,,,,,,,,,,,,,,,,,,
Operating Interest Expense,20.83M,21.22M,22.35M,22.04M,21.58M,21.52M,20.64M,20.07M,18.33M,17.89M,19.30M,18.68M,18.14M,18.51M,16.54M,19.46M,19.38M,18.49M,18.22M,18.60M,17.00M,18.43M,19.50M,18.84M,18.64M,18.54M,18.04M,18.00M,17.49M,19.33M,19.31M,17.67M,15.34M,19.95M,24.18M,20.14M,17.06M,21.02M,20.52M,20.38M,20.91M,19.68M,17.91M,17.83M,19.36M,19.34M,18.19M,19.25M,,,,,,,,,,,,,,,,,,,,,,,,,,,,,,,,,,,,,,,,,,,,,,,,,,,,,,,,,,,,,,,,,,,,,,,,,,,,,,,,,,,,,,,,,,,,,,,,
Net Operating Interest Income,-20.83M,-21.22M,-22.35M,-22.04M,-21.58M,-21.52M,-20.64M,-20.07M,-18.33M,-17.89M,-19.30M,-18.68M,-18.14M,-18.51M,-16.54M,-19.46M,-19.38M,-18.49M,-18.22M,-18.60M,-17.00M,-18.43M,-19.50M,-18.84M,-18.64M,-18.54M,-18.04M,-18.00M,-17.49M,-19.33M,-19.31M,-17.67M,-15.34M,-19.95M,-24.18M,-20.14M,-17.06M,-21.02M,-20.52M,-20.38M,-20.91M,-19.68M,-17.91M,-17.83M,-19.36M,-19.34M,-18.19M,-19.25M,,,,,,,,,,,,,,,,,,,,,,,,,,,,,,,,,,,,,,,,,,,,,,,,,,,,,,,,,,,,,,,,,,,,,,,,,,,,,,,,,,,,,,,,,,,,,,,,
Total Operating Expenses,2.652M,3.25M,3.175M,2.91M,2.638M,1.962M,2.983M,3.294M,3.575M,3.482M,3.027M,2.399M,2.315M,92.27M,1.997M,1.739M,1.562M,2.057M,1.896M,1.413M,1.838M,1.937M,1.387M,1.609M,1.531M,1.255M,1.56M,1.215M,1.459M,1.611M,1.997M,1.94M,0.102M,0.00,0.00,0.00,-0.862M,0.00,0.00,0.00,0.00,0.00,0.00,0.00,345.77M,0.00,0.00,0.00,85.44M,89.20M,91.53M,90.80M,90.53M,86.35M,80.12M,505.81M,78.07M,74.87M,73.73M,72.79M,71.66M,67.71M,70.16M,66.80M,71.80M,72.85M,75.36M,77.61M,83.52M,79.78M,81.65M,80.84M,87.56M,91.18M,1.466M,31.15M,328.43M,23.93M,29.11M,28.62M,295.25M,30.60M,31.10M,31.50M,,,28.70M,28.70M,26.10M,25.70M,27.10M,26.40M,23.60M,23.50M,,,25.00M,20.70M,20.50M,18.70M,20.50M,17.50M,17.10M,16.50M,,,,,,,,,,,,,,,,,,,,,,,,,,,,,,,,,,,,,,,,
Operating Income,100.80M,97.31M,72.63M,77.94M,84.60M,98.06M,78.80M,71.89M,87.22M,111.47M,77.80M,69.74M,96.09M,105.44M,85.46M,68.85M,83.22M,97.10M,72.73M,69.51M,68.17M,92.04M,83.18M,89.21M,80.44M,88.04M,80.21M,68.82M,37.27M,91.70M,79.41M,75.82M,68.17M,94.49M,63.66M,63.38M,59.24M,72.63M,63.63M,60.71M,39.31M,68.64M,35.06M,44.66M,37.68M,74.13M,21.60M,70.75M,81.86M,48.02M,45.31M,28.54M,43.16M,66.36M,60.73M,69.15M,76.06M,77.24M,61.45M,56.67M,54.49M,81.69M,66.95M,67.84M,74.79M,68.24M,61.45M,59.09M,59.46M,71.74M,70.63M,63.87M,57.49M,69.05M,64.70M,34.57M,82.26M,36.58M,28.02M,39.58M,93.49M,26.00M,27.59M,22.50M,-1.001B,377.30M,25.30M,27.80M,25.50M,35.30M,23.10M,23.00M,23.60M,21.30M,347.20M,326.20M,15.50M,36.00M,25.60M,25.50M,25.60M,34.10M,25.80M,17.00M,281.70M,299.50M,281.60M,279.30M,215.30M,292.60M,250.90M,246.50M,262.50M,274.10M,260.50M,286.70M,275.50M,243.50M,254.20M,237.60M,227.70M,240.00M,216.90M,200.10M,195.10M,195.70M,173.50M,170.00M,220.40M,150.40M,139.10M,125.20M,132.60M,128.90M,134.30M,162.30M,162.70M,158.80M,163.00M,163.80M,170.10M,170.20M,164.10M,160.80M
Non-Operating Interest Expense,20.83M,21.22M,22.35M,22.04M,21.58M,21.52M,20.64M,20.07M,18.33M,17.89M,19.30M,18.68M,18.14M,18.51M,16.54M,19.46M,19.38M,18.49M,18.22M,18.60M,17.00M,18.43M,19.50M,18.84M,18.64M,18.54M,18.04M,18.00M,17.49M,19.33M,19.31M,17.67M,15.34M,19.95M,24.18M,20.14M,17.06M,21.02M,20.52M,20.38M,20.91M,19.68M,17.91M,17.83M,19.36M,19.34M,18.19M,19.25M,,,,,,,,,,,,,,,,,,,,,,,,,,,,,,,,,,,,,,,,,,,,,,,,,,,,,,,,,,,,,,,,,,,,,,,,,,,,,,,,,,,,,,,,,,,,,,,,
Net Non-Operating Interest Income Expense,-20.83M,-21.22M,-22.35M,-22.04M,-21.58M,-21.52M,-20.64M,-20.07M,-18.33M,-17.89M,-19.30M,-18.68M,-18.14M,-18.51M,-16.54M,-19.46M,-19.38M,-18.49M,-18.22M,-18.60M,-17.00M,-18.43M,-19.50M,-18.84M,-18.64M,-18.54M,-18.04M,-18.00M,-17.49M,-19.33M,-19.31M,-17.67M,-15.34M,-19.95M,-24.18M,-20.14M,-17.06M,-21.02M,-20.52M,-20.38M,-20.91M,-19.68M,-17.91M,-17.83M,-19.36M,-19.34M,-18.19M,-19.25M,,,,,,,,,,,,,,,,,,,,,,,,,,,,,,,,,,,,,,,,,,,,,,,,,,,,,,,,,,,,,,,,,,,,,,,,,,,,,,,,,,,,,,,,,,,,,,,,
Other Income and Expenses,2.018M,2.602M,2.414M,2.147M,1.349M,0.686M,1.419M,1.461M,1.343M,1.554M,1.121M,0.523M,-5.348M,92.27M,1.997M,1.739M,1.562M,2.057M,1.896M,1.413M,1.838M,1.937M,1.387M,1.609M,1.531M,1.255M,1.56M,1.215M,1.459M,1.611M,1.997M,1.94M,0.102M,2.228M,1.87M,1.764M,-0.862M,1.689M,2.637M,2.552M,2.67M,3.746M,5.847M,5.227M,4.135M,3.393M,2.94M,2.663M,2.161M,1.992M,1.788M,1.83M,1.994M,2.676M,2.307M,2.25M,1.99M,1.964M,1.657M,1.514M,1.044M,2.793M,2.406M,2.093M,1.721M,1.594M,1.435M,1.431M,1.44M,1.711M,1.53M,1.128M,1.568M,1.522M,1.466M,1.941M,-1.767M,2.312M,2.051M,1.96M,-1.374M,1.90M,1.60M,1.60M,,,4.60M,4.40M,4.40M,4.20M,4.40M,4.20M,6.80M,3.50M,,,3.90M,3.90M,3.90M,3.60M,3.80M,3.50M,3.00M,2.80M,,,,,,,,,,,,,,,,,,,,,,,,,,,,,,,,,,,,,,,,
Net Interest Income,-20.83M,-21.22M,-22.35M,-22.04M,-21.58M,-21.52M,-20.64M,-20.07M,-18.33M,-17.89M,-19.30M,-18.68M,-18.14M,-18.51M,-16.54M,-19.46M,-19.38M,-18.49M,-18.22M,-18.60M,-17.00M,-18.43M,-19.50M,-18.84M,-18.64M,-18.54M,-18.04M,-18.00M,-17.49M,-19.33M,-19.31M,-17.67M,-15.34M,-19.95M,-24.18M,-20.14M,-17.06M,-21.02M,-20.52M,-20.38M,-20.91M,-19.68M,-17.91M,-17.83M,-19.36M,-19.34M,-18.19M,-19.25M,,,,,,,,,,,,,,,,,,,,,,,,,,,,,,,,,,,,,,,,,,,,,,,,,,,,,,,,,,,,,,,,,,,,,,,,,,,,,,,,,,,,,,,,,,,,,,,,
Pre-Tax Income,81.98M,78.69M,52.69M,58.04M,64.37M,77.23M,59.58M,53.28M,70.23M,95.14M,59.63M,51.58M,72.60M,179.20M,70.91M,51.13M,65.41M,80.66M,56.40M,52.32M,53.00M,75.54M,65.07M,71.98M,63.33M,70.75M,63.72M,52.04M,21.24M,73.98M,62.10M,60.09M,52.93M,76.77M,41.35M,45.00M,41.32M,53.30M,45.75M,42.88M,21.07M,52.71M,22.99M,32.05M,22.45M,58.18M,6.356M,54.16M,64.38M,29.95M,27.34M,9.387M,25.53M,50.29M,43.43M,51.81M,59.23M,59.74M,43.50M,38.87M,36.81M,65.63M,49.77M,48.01M,55.88M,48.00M,40.50M,38.03M,38.72M,51.19M,49.30M,41.96M,35.28M,46.13M,41.72M,43.14M,23.44M,39.05M,34.50M,46.58M,18.38M,36.30M,36.80M,33.20M,,,35.90M,38.60M,35.10M,45.30M,34.20M,34.20M,36.20M,30.50M,,,26.30M,43.00M,32.80M,31.10M,34.30M,39.30M,31.00M,21.40M,,,,,,,,,,,,,,,,,,,,,,,,,,,,,,,,,,,,,,,,
Provision for Income Taxes,15.25M,14.80M,9.709M,11.88M,14.32M,10.86M,13.06M,12.56M,37.39M,34.60M,20.49M,16.92M,27.49M,51.59M,26.31M,18.30M,22.62M,29.52M,20.91M,19.98M,19.28M,27.26M,23.32M,25.72M,23.65M,22.04M,22.66M,17.89M,6.933M,25.80M,22.82M,21.30M,18.23M,27.89M,13.74M,16.06M,16.14M,20.38M,16.01M,15.28M,6.946M,18.75M,7.04M,11.18M,8.086M,20.42M,0.747M,19.72M,23.80M,10.06M,9.793M,2.623M,9.412M,17.96M,16.20M,19.47M,21.70M,22.25M,15.17M,14.78M,12.00M,24.87M,38.53M,17.08M,18.44M,17.48M,14.74M,13.70M,12.34M,17.68M,17.85M,15.04M,10.08M,17.46M,15.60M,15.40M,5.194M,17.00M,15.41M,17.61M,7.081M,14.70M,14.00M,12.40M,,,13.00M,15.80M,11.30M,17.90M,14.40M,14.50M,13.20M,13.10M,,,10.70M,17.80M,13.90M,13.30M,13.40M,16.60M,13.40M,9.60M,,,,,,,,,,,,,,,,,,,,,,,,,,,,,,,,,,,,,,,,
Income from Continuing Operations,66.74M,63.89M,42.98M,46.16M,50.05M,66.37M,46.53M,40.72M,32.84M,60.54M,39.13M,34.67M,45.11M,127.61M,44.60M,32.82M,42.79M,51.14M,35.49M,32.34M,33.73M,48.28M,41.75M,46.26M,39.68M,48.71M,41.06M,34.15M,14.31M,48.18M,39.27M,38.79M,34.70M,48.88M,27.61M,28.94M,25.17M,32.92M,29.74M,27.60M,14.13M,33.95M,15.95M,20.87M,14.37M,37.75M,5.609M,34.44M,40.58M,19.88M,17.55M,6.764M,16.12M,32.32M,27.22M,32.34M,37.52M,37.49M,28.34M,24.10M,24.81M,40.76M,11.24M,30.93M,37.44M,30.52M,25.76M,24.33M,26.38M,33.51M,31.46M,26.92M,25.20M,28.67M,26.11M,27.74M,18.24M,22.05M,19.10M,28.98M,11.30M,21.60M,22.80M,20.80M,21.10M,27.80M,22.90M,22.80M,23.80M,27.40M,19.80M,19.70M,23.00M,17.40M,21.40M,18.90M,15.60M,25.20M,18.90M,17.80M,20.90M,22.70M,17.60M,11.80M,17.30M,16.10M,19.00M,9.30M,59.20M,-28.40M,15.70M,14.00M,14.00M,15.00M,13.10M,12.70M,1.90M,16.60M,13.80M,11.30M,13.10M,18.60M,15.00M,17.30M,12.50M,15.90M,13.60M,13.40M,2.00M,12.30M,12.10M,11.40M,9.80M,11.40M,11.00M,10.90M,9.80M,10.70M,9.40M,9.10M,8.40M,10.00M,8.60M,8.30M
Income from Discontinued Operations,,,,,,,,,,,,,,,,,,,,,,,,,,,,,,,,,,,,,,,,,,,,,,,,,,,,,,,,,0.00,,-0.755M,,0.00,1.913M,,,0.00,,-3.87M,,,,,,-1.966M,-21.53M,-0.524M,,,,,,,,,,0.00,-8.70M,-0.50M,-0.60M,-1.00M,-3.30M,,,,,,,,,,,,,,,-14.80M,,,1.80M,-63.60M,-8.60M,,,,,,,,,,,,,,,,,,,,,,,,,,,,,,,,,,
Income Attributable to Minority Interest,,,,,,,,,,,,,,,,,,,,,,,,,,,,,,,,,,,,,,,,,,,,,,,,,,,,,,-0.471M,-0.473M,-0.473M,,-0.471M,-0.474M,-0.476M,,-0.475M,-0.475M,-0.475M,,-4.509M,-4.51M,-4.511M,-4.511M,-4.509M,-4.511M,-4.51M,-4.511M,-4.509M,,-4.511M,4.941M,-4.509M,-4.515M,-4.507M,4.99M,-4.50M,-4.50M,-4.60M,,,-4.60M,-4.60M,-4.70M,-4.70M,-4.70M,-2.90M,-1.50M,-1.70M,,,-1.70M,-1.70M,-1.70M,-1.70M,-1.80M,-1.80M,-1.80M,-1.80M,,,,,,,,,,,,,,,,,,,,,,,,,,,,,,,,,,,,,,,,
Preferred Stock Dividend,0.473M,0.471M,0.473M,0.473M,0.473M,0.471M,0.473M,0.473M,0.473M,0.471M,0.473M,0.473M,0.473M,0.471M,0.473M,0.473M,0.473M,0.471M,0.473M,0.473M,0.473M,0.471M,0.473M,0.473M,0.473M,0.471M,0.473M,0.473M,0.473M,0.471M,0.473M,0.473M,0.473M,0.471M,0.473M,0.473M,0.473M,0.471M,0.473M,0.473M,0.473M,0.471M,0.473M,0.473M,,0.471M,0.473M,0.473M,,,,,,,,,,,,,,,,,,,,,1.736M,,0.27M,0.27M,,,,,,,,,,,,,,,,,,,,,,,,,,,,,,,,,,,,,,,,,,,,,,,,,,,,,,,,,,,,,,,,,,,,,,,,
Net Income,66.74M,63.89M,42.98M,46.16M,50.05M,66.37M,46.53M,40.72M,32.84M,60.54M,39.13M,34.67M,45.11M,127.61M,44.60M,32.82M,42.79M,51.14M,35.49M,32.34M,33.73M,48.28M,41.75M,46.26M,39.68M,48.71M,41.06M,34.15M,14.31M,48.18M,39.27M,38.79M,34.70M,48.88M,27.61M,28.94M,25.17M,32.92M,29.74M,27.60M,14.13M,33.95M,15.95M,20.87M,12.48M,37.75M,5.609M,34.44M,40.58M,19.88M,17.55M,6.764M,16.12M,32.32M,27.22M,32.34M,37.52M,37.49M,27.58M,24.10M,24.81M,42.67M,11.24M,30.93M,37.44M,30.52M,21.89M,24.33M,26.38M,33.51M,31.46M,26.92M,23.24M,7.134M,25.59M,27.74M,18.24M,22.05M,19.10M,28.98M,11.30M,21.60M,22.80M,20.80M,21.10M,19.10M,22.40M,22.20M,22.80M,24.10M,19.80M,19.70M,21.10M,17.40M,21.40M,18.90M,15.60M,25.20M,18.90M,17.80M,20.90M,22.70M,17.60M,11.80M,2.50M,16.10M,19.00M,11.10M,-4.40M,-37.00M,15.70M,14.00M,14.00M,15.00M,13.10M,12.70M,1.90M,16.60M,13.80M,11.30M,13.10M,18.60M,15.00M,17.30M,12.50M,15.90M,13.60M,13.40M,2.00M,12.30M,12.10M,11.40M,9.80M,11.40M,11.00M,10.90M,9.80M,10.70M,9.40M,9.10M,8.40M,10.00M,8.60M,8.30M
Normalized Income,64.58M,61.25M,40.40M,43.83M,48.00M,64.68M,44.20M,38.22M,30.70M,58.32M,37.14M,33.06M,43.67M,62.10M,43.34M,31.71M,41.77M,49.85M,34.30M,31.46M,32.56M,47.04M,40.87M,45.23M,38.72M,47.84M,40.06M,33.35M,13.33M,47.13M,38.01M,37.61M,34.63M,47.46M,26.36M,27.80M,25.70M,31.88M,28.02M,25.96M,12.34M,31.54M,11.90M,17.46M,9.831M,35.55M,3.015M,32.75M,39.22M,18.56M,16.40M,5.445M,14.86M,30.60M,25.78M,30.93M,36.26M,36.26M,27.26M,23.16M,24.11M,39.02M,9.794M,29.58M,36.29M,29.51M,24.85M,23.41M,25.39M,32.39M,30.48M,26.20M,24.08M,27.72M,25.19M,26.50M,19.62M,20.66M,17.87M,27.76M,12.14M,20.46M,21.81M,19.80M,21.10M,27.80M,19.97M,20.16M,20.82M,24.86M,17.16M,17.18M,18.68M,15.30M,21.40M,18.90M,13.26M,22.86M,16.56M,15.64M,18.62M,20.60M,15.80M,10.12M,17.30M,16.10M,19.00M,9.30M,59.20M,-28.40M,15.70M,14.00M,14.00M,15.00M,13.10M,12.70M,1.90M,16.60M,13.80M,11.30M,13.10M,18.60M,15.00M,,,,,,,,,,,,,,,,,,,,,
EBITDA,173.07M,170.47M,145.12M,147.31M,150.46M,163.20M,145.05M,135.19M,145.08M,172.35M,132.66M,122.68M,142.44M,248.78M,138.92M,121.11M,135.40M,147.60M,122.91M,119.16M,118.39M,138.22M,130.19M,135.61M,126.65M,129.29M,123.82M,110.70M,79.32M,132.55M,120.59M,117.09M,109.67M,135.58M,112.68M,105.20M,97.40M,112.67M,106.66M,104.62M,80.70M,110.86M,81.30M,88.97M,80.53M,114.94M,63.74M,114.15M,109.46M,94.24M,82.51M,65.40M,70.69M,109.43M,93.85M,106.61M,110.27M,118.22M,94.92M,90.17M,87.82M,127.06M,93.63M,103.98M,108.96M,107.09M,100.98M,96.94M,95.65M,107.23M,105.43M,98.39M,74.94M,102.03M,96.57M,65.72M,101.05M,68.00M,57.13M,68.20M,123.29M,56.60M,58.69M,54.00M,-1.001B,377.30M,54.00M,56.50M,51.60M,61.00M,50.20M,49.40M,47.20M,44.80M,347.20M,326.20M,40.50M,56.70M,46.10M,44.20M,46.10M,51.60M,42.90M,33.50M,281.70M,299.50M,281.60M,279.30M,215.30M,292.60M,250.90M,246.50M,262.50M,274.10M,260.50M,286.70M,275.50M,243.50M,254.20M,237.60M,227.70M,240.00M,216.90M,200.10M,195.10M,195.70M,173.50M,170.00M,220.40M,150.40M,139.10M,125.20M,132.60M,128.90M,134.30M,162.30M,162.70M,158.80M,163.00M,163.80M,170.10M,170.20M,164.10M,160.80M
Reconciled Depreciation,70.25M,70.56M,70.08M,67.23M,64.51M,64.45M,64.83M,61.84M,56.51M,59.32M,53.74M,52.42M,51.69M,51.06M,51.47M,50.52M,50.61M,48.45M,48.29M,48.24M,48.39M,44.24M,45.62M,44.79M,44.68M,40.00M,42.05M,40.66M,40.59M,39.24M,39.19M,39.33M,41.40M,38.86M,47.15M,40.06M,39.02M,38.35M,40.39M,41.36M,38.72M,38.47M,40.40M,39.09M,38.71M,37.41M,39.19M,40.74M,27.60M,46.22M,37.20M,36.86M,27.53M,43.08M,33.12M,37.46M,34.20M,40.98M,33.47M,33.50M,33.32M,45.37M,26.68M,36.14M,34.16M,38.85M,39.53M,37.85M,36.18M,35.49M,34.80M,34.52M,17.45M,32.98M,31.87M,31.15M,18.18M,31.42M,29.11M,28.62M,29.80M,30.60M,31.10M,31.50M,,,,,,,,,,,,,,,,,,,,,,,,,,,,,,,,,,,,,,,,,,,,,,,,,,,,,,,,,,,,
EBIT,102.81M,99.91M,75.05M,80.08M,85.95M,98.75M,80.22M,73.35M,88.56M,113.03M,78.92M,70.26M,90.74M,197.72M,87.45M,70.59M,84.78M,99.15M,74.63M,70.92M,70.00M,93.97M,84.57M,90.82M,81.97M,89.29M,81.77M,70.04M,38.73M,93.31M,81.40M,77.76M,68.27M,96.72M,65.53M,65.14M,58.38M,74.32M,66.27M,63.26M,41.98M,72.38M,40.90M,49.88M,41.82M,77.52M,24.54M,73.41M,81.86M,48.02M,45.31M,28.54M,43.16M,66.36M,60.73M,69.15M,76.06M,77.24M,61.45M,56.67M,54.49M,81.69M,66.95M,67.84M,74.79M,68.24M,61.45M,59.09M,59.46M,71.74M,70.63M,63.87M,57.49M,69.05M,64.70M,34.57M,82.26M,36.58M,28.02M,39.58M,93.49M,26.00M,27.59M,22.50M,-1.001B,377.30M,25.30M,27.80M,25.50M,35.30M,23.10M,23.00M,23.60M,21.30M,347.20M,326.20M,15.50M,36.00M,25.60M,25.50M,25.60M,34.10M,25.80M,17.00M,281.70M,299.50M,281.60M,279.30M,215.30M,292.60M,250.90M,246.50M,262.50M,274.10M,260.50M,286.70M,275.50M,243.50M,254.20M,237.60M,227.70M,240.00M,216.90M,200.10M,195.10M,195.70M,173.50M,170.00M,220.40M,150.40M,139.10M,125.20M,132.60M,128.90M,134.30M,162.30M,162.70M,158.80M,163.00M,163.80M,170.10M,170.20M,164.10M,160.80M
EPS Basic from Continuing Operations,0.61,0.58,0.39,0.42,0.46,0.61,0.42,0.37,0.30,0.55,0.36,0.31,0.41,1.17,0.41,0.30,0.39,0.47,0.33,0.31,0.32,0.47,0.41,0.45,0.39,0.49,0.41,0.34,0.14,0.49,0.40,0.40,0.36,0.50,0.28,0.30,0.27,0.35,0.31,0.29,0.15,0.37,0.17,0.23,0.16,0.44,0.06,0.41,0.49,0.24,0.21,0.08,0.20,0.40,0.34,0.40,0.47,0.46,0.35,0.30,0.31,0.51,0.14,0.20,0.4937,0.205,0.345,0.33,0.3327,0.23,0.2175,0.375,0.3540,0.2125,0.195,0.21,0.60,0.34,0.295,0.45,0.1571,0.1675,0.1775,0.1625,0.3285,0.2175,0.175,0.175,0.3750,0.1925,0.1575,0.16,0.3419,0.1425,0.1775,0.1575,0.2620,0.215,0.1625,0.155,0.3647,0.20,0.1575,0.105,0.2836,0.1525,0.19,0.095,1.195,-0.2925,0.1625,0.145,0.2577,0.16,0.1475,0.145,0.0046,0.1925,0.16,0.1325,0.2821,0.22,0.18,0.2075,,0.1975,0.1925,0.19,,0.1775,0.1775,0.1675,,0.17,0.165,0.165,,0.1625,0.145,0.1425,,0.1575,0.1375,0.0675
EPS Basic from Discontinued Operations,,,,,,,,,,,,,,,,,,,,,,,,,,,,,,,,,0.00,0.00,0.00,0.00,,0.00,0.00,0.00,0.00,0.00,0.00,0.00,0.00,0.00,0.00,0.00,0.00,0.00,0.00,0.00,0.00,0.00,0.00,0.00,0.00,0.00,-0.01,0.00,0.00,0.02,0.00,0.00,0.00,0.00,-0.05,0.00,,0.00,0.00,0.00,-0.0276,-0.16,-0.005,0.00,-0.975,0.00,0.00,0.00,,0.00,0.00,0.00,0.00,-0.0675,0.00,0.00,-0.0158,0.00,0.00,0.00,,0.00,0.00,0.00,,0.00,0.00,0.00,,0.00,0.00,0.00,-0.2674,0.00,0.00,0.0175,-1.284,-0.0875,0.00,0.00,,0.00,0.00,0.00,,0.00,0.00,0.00,,0.00,0.00,0.00,,0.00,0.00,0.00,,0.00,0.00,0.00,,0.00,0.00,0.00,,0.00,0.00,0.00,,0.00,0.00,0.00
Normalized Basic EPS,0.5902,0.5558,0.3662,0.3986,0.4412,0.5945,0.3986,0.3470,0.2803,0.5295,0.3416,0.2952,0.3968,0.5649,0.3983,0.2897,0.3805,0.4579,0.3189,0.3015,0.3086,0.4579,0.4013,0.4398,0.3804,0.4813,0.3999,0.3318,0.1299,0.4792,0.3870,0.3877,0.3593,0.4852,0.2669,0.2880,0.2756,0.3389,0.2916,0.2723,0.1306,0.3436,0.1256,0.1924,0.1294,0.4140,0.0291,0.3897,0.4736,0.2240,0.1960,0.0638,0.1845,0.3788,0.3222,0.3827,0.4544,0.4448,0.3366,0.2884,0.3013,0.4885,0.1220,0.1912,0.4785,0.1982,0.3327,0.3176,0.3195,0.2223,0.2108,0.3649,0.3383,0.2055,0.1881,0.2006,0.6209,0.3188,0.2760,0.4311,0.1702,0.1498,0.1621,0.1469,0.3285,0.2175,0.1292,0.1338,0.3280,0.1524,0.1155,0.1195,0.2719,0.1082,0.1775,0.1575,0.2227,0.1753,0.1225,0.1177,0.3249,0.1630,0.1255,0.0749,0.2836,0.1525,0.19,0.095,1.195,-0.2925,0.1625,0.145,0.2577,0.16,0.1475,0.145,0.0046,0.1925,0.16,0.1325,0.2821,0.22,0.18,0.2075,,0.1975,0.1925,0.19,,0.1775,0.1775,0.1675,,0.17,0.165,0.165,,0.1625,0.145,0.1425,,0.1575,0.1375,0.0675
EPS Basic,0.61,0.58,0.39,0.42,0.46,0.61,0.42,0.37,0.30,0.55,0.36,0.31,0.41,1.17,0.41,0.30,0.39,0.47,0.33,0.31,0.32,0.47,0.41,0.45,0.39,0.49,0.41,0.34,0.14,0.49,0.40,0.40,0.36,0.50,0.28,0.30,0.27,0.35,0.31,0.29,0.15,0.37,0.17,0.23,0.16,0.44,0.06,0.41,0.49,0.24,0.21,0.08,0.20,0.40,0.34,0.40,0.47,0.46,0.34,0.30,0.31,0.53,0.14,0.20,0.4937,0.205,0.295,0.33,0.3327,0.23,0.2175,0.375,0.3264,0.0525,0.19,0.21,-0.375,0.34,0.295,0.45,0.1571,0.1675,0.1775,0.1625,0.3285,0.15,0.175,0.175,0.3592,0.1925,0.1575,0.16,0.3419,0.1425,0.1775,0.1575,0.2620,0.215,0.1625,0.155,0.3647,0.20,0.1575,0.105,0.0163,0.1525,0.19,0.1125,-0.0888,-0.38,0.1625,0.145,0.2577,0.16,0.1475,0.145,0.0046,0.1925,0.16,0.1325,0.2821,0.22,0.18,0.2075,,0.1975,0.1925,0.19,,0.1775,0.1775,0.1675,,0.17,0.165,0.165,,0.1625,0.145,0.1425,,0.1575,0.1375,0.0675
EPS Diluted from Continuing Operations,0.61,0.58,0.39,0.42,0.45,0.60,0.42,0.37,0.30,0.55,0.36,0.31,0.41,1.17,0.41,0.30,0.39,0.47,0.33,0.31,0.32,0.46,0.41,0.45,0.39,0.48,0.41,0.34,0.14,0.49,0.40,0.40,0.36,0.50,0.28,0.30,0.26,0.35,0.31,0.29,0.15,0.37,0.17,0.22,0.16,0.44,0.06,0.41,0.49,0.24,0.21,0.08,0.20,0.40,0.33,0.40,0.46,0.46,0.35,0.30,0.31,0.51,0.14,0.20,0.4937,0.205,0.345,0.33,0.3327,0.2275,0.2175,0.375,0.3540,0.21,0.195,0.2075,0.60,0.335,0.295,0.45,0.1571,0.1675,0.1775,0.16,0.3285,0.215,0.175,0.1725,0.3750,0.19,0.1575,0.1575,0.3419,0.1425,0.1775,0.1575,0.2620,0.215,0.1625,0.155,0.3647,0.20,0.1575,0.105,0.2836,0.1525,0.19,0.095,1.195,-0.2925,0.1625,0.145,0.2577,0.16,0.1475,0.145,0.0046,0.1925,0.16,0.1325,0.2821,0.22,0.18,0.2075,,0.1975,0.1925,0.19,,0.1775,0.1775,0.1675,,0.17,0.165,0.165,,0.1625,0.145,0.1425,,0.1575,0.1375,0.0675
EPS Diluted from Discontinued Operations,,,,,,,,,,,,,,,,,,,,,,,,,,,,,,,,,0.00,0.00,0.00,0.00,,0.00,0.00,0.00,0.00,0.00,0.00,0.00,0.00,0.00,0.00,0.00,0.00,0.00,0.00,0.00,0.00,0.00,0.00,0.00,0.00,0.00,-0.01,0.00,0.00,0.02,0.00,0.00,0.00,0.00,-0.05,0.00,,0.00,0.00,0.00,-0.0276,-0.16,-0.005,0.00,-0.975,0.00,0.00,0.00,,0.00,0.00,0.00,0.00,-0.0675,0.00,0.00,-0.0158,0.00,0.00,0.00,,0.00,0.00,0.00,,0.00,0.00,0.00,,0.00,0.00,0.00,-0.2674,0.00,0.00,0.0175,-1.284,-0.0875,0.00,0.00,,0.00,0.00,0.00,,0.00,0.00,0.00,,0.00,0.00,0.00,,0.00,0.00,0.00,,0.00,0.00,0.00,,0.00,0.00,0.00,,0.00,0.00,0.00,,0.00,0.00,0.00
Normalized Diluted EPS,0.5903,0.5559,0.3663,0.3987,0.4312,0.5845,0.3986,0.3470,0.2803,0.5295,0.3416,0.2952,0.3968,0.5660,0.3984,0.2897,0.3805,0.4580,0.3189,0.3015,0.3088,0.4480,0.4013,0.4399,0.3805,0.4713,0.3999,0.3319,0.1300,0.4793,0.3870,0.3877,0.3593,0.4852,0.2669,0.2881,0.2656,0.3389,0.2917,0.2723,0.1306,0.3437,0.1257,0.1825,0.1294,0.4140,0.0292,0.3897,0.4736,0.2240,0.1960,0.0639,0.1845,0.3789,0.3122,0.3827,0.4445,0.4448,0.3367,0.2884,0.3013,0.4885,0.1221,0.1913,0.4785,0.1983,0.3328,0.3177,0.3195,0.2199,0.2108,0.3650,0.3383,0.2030,0.1882,0.1981,0.6208,0.3138,0.2761,0.4312,0.1702,0.1498,0.1621,0.1444,0.3285,0.215,0.1292,0.1313,0.3280,0.1499,0.1155,0.1170,0.2719,0.1082,0.1775,0.1575,0.2227,0.1753,0.1225,0.1177,0.3249,0.1630,0.1255,0.0749,0.2836,0.1525,0.19,0.095,1.195,-0.2925,0.1625,0.145,0.2577,0.16,0.1475,0.145,0.0046,0.1925,0.16,0.1325,0.2821,0.22,0.18,0.2075,,0.1975,0.1925,0.19,,0.1775,0.1775,0.1675,,0.17,0.165,0.165,,0.1625,0.145,0.1425,,0.1575,0.1375,0.0675
EPS Diluted,0.61,0.58,0.39,0.42,0.45,0.60,0.42,0.37,0.30,0.55,0.36,0.31,0.41,1.17,0.41,0.30,0.39,0.47,0.33,0.31,0.32,0.46,0.41,0.45,0.39,0.48,0.41,0.34,0.14,0.49,0.40,0.40,0.36,0.50,0.28,0.30,0.26,0.35,0.31,0.29,0.15,0.37,0.17,0.22,0.16,0.44,0.06,0.41,0.49,0.24,0.21,0.08,0.20,0.40,0.33,0.40,0.46,0.46,0.34,0.30,0.31,0.53,0.14,0.20,0.4937,0.205,0.295,0.33,0.3327,0.2275,0.2175,0.375,0.3264,0.0525,0.19,0.2075,-0.375,0.335,0.295,0.45,0.1571,0.1675,0.1775,0.16,0.3285,0.1475,0.175,0.1725,0.3592,0.19,0.1575,0.1575,0.3419,0.1425,0.1775,0.1575,0.2620,0.215,0.1625,0.155,0.3647,0.20,0.1575,0.105,0.0163,0.1525,0.19,0.1125,-0.0888,-0.38,0.1625,0.145,0.2577,0.16,0.1475,0.145,0.0046,0.1925,0.16,0.1325,0.2821,0.22,0.18,0.2075,,0.1975,0.1925,0.19,,0.1775,0.1775,0.1675,,0.17,0.165,0.165,,0.1625,0.145,0.1425,,0.1575,0.1375,0.0675
Average Basic Shares Outstanding,108.97M,108.97M,108.94M,108.91M,108.88M,108.88M,108.84M,108.82M,108.78M,108.79M,108.75M,108.67M,108.56M,108.27M,107.96M,107.62M,107.47M,107.46M,107.42M,103.28M,102.57M,102.42M,101.50M,101.38M,99.86M,99.20M,98.66M,98.14M,97.61M,97.16M,96.69M,96.17M,95.94M,95.87M,95.39M,94.82M,94.24M,93.70M,93.16M,92.57M,92.06M,91.52M,91.38M,90.60M,86.37M,84.62M,84.05M,83.47M,83.01M,82.48M,81.91M,81.45M,81.28M,81.21M,81.10M,80.98M,80.93M,80.90M,80.81M,80.70M,80.64M,80.51M,80.35M,153.48M,75.84M,150.06M,74.39M,73.79M,74.05M,145.74M,144.76M,71.64M,71.20M,134.86M,133.92M,132.64M,65.73M,65.28M,64.81M,64.53M,64.43M,64.42M,64.37M,64.35M,64.23M,64.02M,64.02M,64.00M,63.47M,63.39M,62.82M,62.28M,61.71M,61.24M,60.73M,60.11M,59.55M,58.95M,58.57M,57.91M,57.31M,56.82M,56.34M,55.83M,55.35M,54.89M,50.45M,49.97M,49.52M,48.98M,48.59M,48.12M,47.73M,47.32M,46.85M,43.84M,43.84M,43.49M,43.16M,42.82M,42.53M,42.22M,41.96M,41.12M,41.36M,40.59M,40.51M,34.78M,35.01M,34.78M,33.98M,33.76M,33.95M,33.54M,33.34M,33.34M,33.15M,32.61M,32.37M,32.05M,32.05M,31.47M,31.18M,31.18M
Average Diluted Shares Outstanding,109.49M,109.36M,109.26M,109.27M,109.31M,109.06M,108.96M,109.02M,109.00M,108.86M,108.80M,108.86M,108.72M,108.47M,108.13M,107.78M,107.84M,107.74M,107.69M,103.57M,104.31M,103.03M,101.82M,102.16M,100.62M,99.82M,99.25M,98.54M,98.06M,97.52M,96.98M,96.56M,96.27M,96.10M,95.56M,95.18M,94.56M,93.89M,93.41M,92.85M,92.23M,91.65M,91.49M,90.69M,86.37M,84.84M,84.16M,83.61M,83.14M,82.64M,82.12M,81.71M,81.34M,81.56M,81.43M,81.36M,81.25M,81.35M,81.21M,81.14M,80.64M,80.83M,80.71M,154.31M,75.84M,150.70M,74.75M,74.17M,74.05M,146.51M,145.62M,72.03M,71.20M,135.70M,134.58M,133.25M,66.08M,65.55M,65.08M,64.74M,64.43M,64.42M,64.37M,64.35M,64.23M,64.02M,64.02M,64.00M,63.47M,63.39M,62.82M,62.28M,61.71M,61.24M,60.73M,60.11M,59.55M,58.95M,58.57M,57.91M,57.31M,56.82M,56.34M,55.83M,55.35M,54.89M,50.45M,49.97M,49.52M,48.98M,48.59M,48.12M,47.73M,47.32M,46.85M,43.84M,43.84M,43.49M,43.16M,42.82M,42.53M,42.22M,41.96M,41.12M,41.36M,40.59M,40.51M,34.78M,35.01M,34.78M,33.98M,33.76M,33.95M,33.54M,33.34M,33.34M,33.15M,32.61M,32.37M,32.05M,32.05M,31.47M,31.18M,31.18M
Dividend Per Share,0.32,0.32,0.32,0.32,0.31,0.31,0.31,0.31,0.31,0.31,0.31,0.31,0.31,0.31,0.31,0.31,0.31,0.31,0.31,0.31,0.31,0.31,0.31,0.31,0.31,0.31,0.31,0.31,0.31,0.31,0.31,0.31,0.31,0.31,0.31,0.31,0.31,0.31,0.31,0.31,0.31,0.31,0.31,0.31,0.31,0.31,0.31,0.31,0.31,0.31,0.31,0.31,0.31,0.31,0.31,0.31,0.31,0.31,0.31,0.31,0.31,0.31,0.31,0.31,0.31,0.31,0.31,0.31,0.31,0.31,0.31,0.31,0.31,0.31,0.31,0.31,0.31,0.31,0.31,0.31,0.31,0.31,0.31,0.31,0.31,0.31,0.31,0.31,0.305,0.305,0.305,0.305,0.305,0.30,0.30,0.30,0.30,0.295,0.295,0.295,0.295,0.29,0.29,0.29,0.29,0.285,0.285,0.285,0.285,0.28,0.28,0.28,0.28,0.275,0.275,0.275,0.275,0.27,0.27,0.27,0.27,0.255,0.255,0.255,0.255,0.24,0.24,0.24,0.24,0.225,0.225,0.225,0.225,0.215,0.215,0.215,0.215,0.205,0.205,0.205,,,,
As Originally Reported,AOR,AOR,AOR,AOR,AOR,AOR,AOR,AOR,AOR,AOR,AOR,AOR,AOR,AOR,AOR,AOR,AOR,AOR,AOR,AOR,AOR,AOR,AOR,AOR,AOR,AOR,AOR,AOR,AOR,AOR,AOR,AOR,AOR,AOR,AOR,AOR,AOR,AOR,AOR,AOR,AOR,AOR,AOR,AOR,,,,,,,,,,,,,,,,,,,,,,,,,,,,,,,,,,,,,,,,,,,,,,,,,,,,,,,,,,,,,,,,,,,,,,,,,,,,,,,,,,,,,,,,,,,,,,,,,,,,
Restated,,,,,Restated,Restated,Restated,Restated,Restated,Restated,Restated,Restated,Restated,Restated,Restated,Restated,Restated,Restated,Restated,Restated,Restated,Restated,Restated,Restated,Restated,Restated,Restated,Restated,Restated,Restated,Restated,Restated,Restated,Restated,Restated,Restated,Restated,Restated,Restated,Restated,Restated,Restated,Restated,Restated,Restated,Restated,Restated,Restated,,,,,,,,,,,,,,,,,,,,,,,,,,,,,,,,,,,,,,,,,,,,,,,,,,,,,,,,,,,,,,,,,,,,,,,,,,,,,,,,,,,,,,,,,,,,,,,,
