Income (Quarterly),2019-12,2019-09,2019-06,2019-03,2018-12,2018-09,2018-06,2018-03,2017-12,2017-09,2017-06,2017-03,2016-12,2016-09,2016-06,2016-03,2015-12,2015-09,2015-06,2015-03,2014-12,2014-09,2014-06,2014-03,2013-12,2013-09,2013-06,2013-03,2012-12,2012-09,2012-06,2012-03,2011-12,2011-09,2011-06,2011-03,2010-12,2010-09,2010-06,2010-03,2009-12,2009-09,2009-06,2009-03,2008-12,2008-09,2008-06,2008-03,2007-12,2007-09,2007-06,2007-03,2006-12,2006-09,2006-06,2006-03,2005-12,2005-09,2005-06,2005-03,2004-12,2004-09,2004-06,2004-03,2003-12,2003-09,2003-06,2003-03,2002-12,2002-09,2002-06,2002-03,2001-12,2001-09,2001-06,2001-03,2000-12,2000-09,2000-06,2000-03,1999-12,1999-09,1999-06,1999-03,1998-12,1998-09,1998-06,1998-03,1997-12,1997-09,1997-06,1997-03,1996-12,1996-09,1996-06,1996-03,1995-12,1995-09,1995-06,1995-03,1994-12,1994-09,1994-06,1994-03,1993-12,1993-09,1993-06,1993-03,1992-12,1992-09,1992-06,1992-03,1991-12,1991-09,1991-06,1991-03,1990-12,1990-09,1990-06,1990-03,1989-12,1989-09,1989-06,1989-03,1988-12,1988-09,1988-06,1988-03,1987-12,1987-09,1987-06,1987-03,1986-12,1986-09,1986-06,1986-03,1985-12,1985-09,1985-06,1985-03,1984-12,1984-09,1984-06,1984-03
Operating Revenue,1.625B,1.438B,1.598B,1.654B,1.703B,1.976B,1.936B,1.733B,1.64B,1.389B,1.346B,1.512B,1.455B,1.439B,1.386B,1.087B,1.254B,1.606B,1.991B,1.638B,2.752B,3.181B,3.471B,3.647B,2.46B,4.288B,4.001B,4.021B,3.874B,4.141B,3.956B,4.457B,4.295B,4.282B,4.338B,3.925B,3.525B,3.013B,2.972B,2.673B,2.555B,2.332B,2.093B,1.634B,1.937B,3.365B,3.900B,3.188B,2.996B,2.499B,2.444B,2.023B,1.966B,2.073B,2.085B,1.950B,2.004B,2.052B,1.775B,1.662B,1.535B,1.407B,1.241B,1.150B,1.065B,1.105B,1.054B,966.61M,730.25M,645.19M,656.32M,528.00M,505.01M,659.92M,800.44M,795.14M,725.15M,625.06M,486.41M,446.12M,291.85M,385.40M,246.42M,187.70M,82.67M,211.70M,220.10M,245.90M,323.30M,276.70M,258.00M,322.50M,305.10M,242.20M,222.80M,205.90M,203.40M,178.10M,202.90M,157.20M,143.50M,140.10M,133.20M,121.00M,124.40M,119.90M,111.10M,107.80M,119.50M,111.20M,102.10M,90.30M,116.40M,111.90M,60.50M,68.00M,80.90M,65.00M,58.50M,69.00M,65.70M,60.50M,58.80M,60.40M,54.00M,28.90M,28.80M,29.80M,22.60M,25.30M,27.50M,25.00M,73.10M,44.50M,21.50M,32.60M,34.10M,28.40M,32.30M,33.70M,31.90M,26.40M,29.00M,28.20M
Revenue,1.625B,1.438B,1.598B,1.654B,1.703B,1.976B,1.936B,1.733B,1.64B,1.389B,1.346B,1.512B,1.455B,1.439B,1.386B,1.087B,1.254B,1.606B,1.991B,1.638B,2.752B,3.181B,3.471B,3.647B,2.46B,4.288B,4.001B,4.021B,3.874B,4.141B,3.956B,4.457B,4.295B,4.282B,4.338B,3.925B,3.525B,3.013B,2.972B,2.673B,2.555B,2.332B,2.093B,1.634B,1.937B,3.365B,3.900B,3.188B,2.996B,2.499B,2.444B,2.023B,1.966B,2.073B,2.085B,1.950B,2.102B,2.061B,1.775B,1.662B,1.535B,1.407B,1.241B,1.150B,1.065B,1.105B,1.054B,966.61M,730.25M,645.19M,656.32M,528.00M,505.01M,659.92M,800.44M,795.14M,725.15M,625.06M,486.41M,446.12M,291.85M,385.40M,246.42M,187.70M,82.67M,211.70M,220.10M,245.90M,323.30M,276.70M,258.00M,322.50M,305.10M,242.20M,222.80M,205.90M,203.40M,178.10M,202.90M,157.20M,143.50M,140.10M,133.20M,121.00M,124.40M,119.90M,111.10M,107.80M,119.50M,111.20M,102.10M,90.30M,116.40M,111.90M,60.50M,68.00M,80.90M,65.00M,58.50M,69.00M,65.70M,60.50M,58.80M,60.40M,54.00M,28.90M,28.80M,29.80M,22.60M,25.30M,27.50M,25.00M,73.10M,44.50M,21.50M,32.60M,34.10M,28.40M,32.30M,33.70M,31.90M,26.40M,29.00M,28.20M
Cost of Goods Sold,1.14B,1.127B,1.067B,1.099B,1.074B,1.084B,1.046B,988.00M,942.00M,956.00M,992.00M,969.00M,1.043B,1.081B,1.08B,1.108B,1.312B,1.38B,1.31B,8.839B,-55.00M,3.39B,1.984B,1.873B,1.641B,2.848B,2.208B,2.107B,1.846B,2.916B,2.708B,2.49B,1.908B,1.798B,73.00M,76.00M,5.167B,43.00M,43.00M,480.00M,39.95M,36.23M,438.75M,430.83M,553.46M,530.54M,486.50M,40.98M,467.82M,452.91M,449.00M,420.53M,400.57M,386.60M,338.21M,317.72M,298.61M,303.57M,281.61M,256.95M,269.55M,229.27M,219.94M,227.87M,201.19M,211.52M,201.42M,146.00M,128.56M,127.16M,123.20M,120.54M,88.20M,110.79M,101.42M,90.11M,32.68M,82.53M,58.49M,70.43M,-71.82M,105.10M,51.12M,71.00M,-62.96M,78.30M,79.00M,87.80M,114.70M,97.50M,96.60M,119.30M,108.40M,86.70M,84.30M,84.90M,83.70M,70.70M,82.20M,63.60M,48.50M,47.20M,45.00M,42.20M,61.90M,41.10M,35.60M,33.60M,37.30M,40.00M,36.00M,33.50M,37.50M,41.10M,17.00M,14.80M,29.30M,14.70M,15.60M,18.00M,,,,,,,,,,,,,,,,,,,,,,,,
Gross Profit,485.00M,311.00M,531.00M,555.00M,629.00M,892.00M,890.00M,745.00M,698.00M,433.00M,354.00M,543.00M,412.00M,358.00M,306.00M,-21.00M,-58.00M,226.00M,681.00M,-7.201B,2.807B,-209.00M,1.487B,1.774B,819.00M,1.44B,1.793B,1.914B,2.028B,1.225B,1.248B,1.967B,2.387B,2.484B,4.265B,3.849B,-1.642B,2.97B,2.929B,2.193B,2.515B,2.296B,1.655B,1.203B,1.383B,2.834B,3.414B,3.147B,2.528B,2.046B,1.995B,1.603B,1.565B,1.686B,1.747B,1.633B,1.803B,1.757B,1.493B,1.405B,1.265B,1.178B,1.021B,922.07M,863.60M,893.02M,852.94M,820.61M,601.69M,518.02M,533.12M,407.46M,416.81M,549.12M,699.02M,705.04M,692.46M,542.53M,427.92M,375.69M,363.68M,280.30M,195.30M,116.70M,145.63M,133.40M,141.10M,158.10M,208.60M,179.20M,161.40M,203.20M,196.70M,155.50M,138.50M,121.00M,119.70M,107.40M,120.70M,93.60M,95.00M,92.90M,88.20M,78.80M,62.50M,78.80M,75.50M,74.20M,82.20M,71.20M,66.10M,56.80M,78.90M,70.80M,43.50M,53.20M,51.60M,50.30M,42.90M,51.00M,,,,,,,,,,,,,,,,,,,,,,,,
General and Administrative Expense,83.00M,98.00M,102.00M,123.00M,101.00M,99.00M,117.00M,114.00M,88.00M,98.00M,106.00M,103.00M,112.00M,102.00M,103.00M,93.00M,96.00M,89.00M,111.00M,82.00M,121.00M,111.00M,113.00M,103.00M,122.00M,120.00M,126.00M,112.00M,131.00M,124.00M,132.00M,128.00M,132.00M,112.00M,,,,,,,,,,,,,,,,,,,,,,,,,,,,,,,,,,,,,,,,,,,,,,,,,,,,,,,,,,,,,,,,,,,,,,,,,,,,,,,,,,,,,,,,,,,,,,,,,,,,,,,,,,,,,,
SG&A Expense,83.00M,98.00M,102.00M,123.00M,101.00M,99.00M,117.00M,114.00M,88.00M,98.00M,106.00M,103.00M,112.00M,102.00M,103.00M,93.00M,96.00M,89.00M,111.00M,82.00M,121.00M,111.00M,113.00M,103.00M,122.00M,120.00M,126.00M,112.00M,131.00M,124.00M,132.00M,128.00M,132.00M,112.00M,103.00M,112.00M,120.00M,89.00M,84.00M,87.00M,85.56M,82.49M,90.90M,85.05M,69.94M,57.56M,78.87M,82.42M,75.00M,61.40M,70.80M,67.86M,59.69M,53.78M,52.19M,45.67M,45.81M,50.05M,52.00M,50.41M,49.37M,38.58M,39.18M,46.06M,45.43M,34.69M,30.57M,27.83M,25.76M,25.46M,28.02M,25.35M,22.35M,22.79M,23.19M,20.38M,26.28M,18.09M,16.59M,14.65M,16.09M,15.20M,12.13M,10.30M,6.731M,13.90M,10.20M,10.00M,11.40M,8.70M,8.90M,9.10M,9.90M,8.90M,8.20M,8.90M,8.80M,7.70M,10.40M,9.10M,8.80M,8.20M,9.30M,8.60M,8.00M,8.30M,8.10M,8.80M,9.30M,8.60M,8.90M,8.10M,11.30M,19.30M,6.70M,5.90M,6.50M,5.50M,5.20M,4.30M,,,,,,,,,,,,,,,,,,,,,,,,
Special Income and Charges,-2.71B,-16.00M,-304.00M,-1.00M,-496.00M,-111.00M,-10.00M,7.00M,9.00M,276.00M,-25.00M,342.00M,-98.00M,-843.00M,-165.00M,-16.00M,-3.08B,-3.947B,-351.00M,-54.00M,-8.711B,-34.00M,-14.00M,-18.00M,-17.00M,0.00,0.00,0.00,-2.00M,-7.00M,-16.00M,-6.00M,-5.00M,-4.00M,-6.00M,-5.00M,-167.00M,-8.00M,-8.00M,0.00,0.00,0.00,0.00,-26.74M,,-24.97M,-25.68M,-455.49M,-8.34M,-48.28M,-24.63M,-73.85M,-28.31M,143.14M,-65.33M,7.514M,29.89M,-4.219M,-41.96M,-26.32M,-13.34M,-11.07M,-153.32M,-10.76M,-46.95M,-22.68M,-20.89M,-10.63M,-60.37M,10.03M,,-9.20M,-44.39M,15.52M,-130.00M,15.08M,43.11M,-0.446M,,1.025M,,,,0.40M,,,1.60M,0.80M,-3.20M,0.40M,1.60M,-0.30M,0.50M,0.30M,1.60M,1.30M,-7.20M,3.90M,-15.80M,2.10M,4.90M,0.70M,1.90M,0.70M,0.40M,2.30M,0.20M,0.90M,0.50M,0.10M,29.20M,2.00M,3.20M,1.60M,1.30M,1.70M,,0.80M,0.90M,0.90M,,,,,,,,,,,,,,,,,,,,,,,,
Non Income Taxes,66.00M,44.00M,46.00M,51.00M,53.00M,58.00M,49.00M,55.00M,34.00M,46.00M,29.00M,42.00M,41.00M,9.00M,65.00M,11.00M,50.00M,104.00M,55.00M,74.00M,95.00M,124.00M,177.00M,181.00M,198.00M,176.00M,170.00M,229.00M,191.00M,167.00M,203.00M,257.00M,236.00M,244.00M,255.00M,164.00M,168.00M,158.00M,187.00M,177.00M,192.79M,183.93M,115.94M,87.34M,139.40M,304.28M,298.55M,242.58M,244.16M,125.20M,131.02M,97.27M,165.41M,117.70M,168.40M,146.41M,144.08M,150.39M,86.59M,72.19M,16.06M,47.15M,21.60M,8.948M,22.91M,41.59M,32.74M,24.55M,17.70M,15.08M,17.34M,14.20M,11.63M,16.66M,20.25M,21.29M,,,11.12M,,,,,,,,,,,,,,,,,,,,,,,,,,,,,,,,,,,,,,,,,,,,,,,,,,,,,,,,,,,,,,,,,
Operating Interest Expense,96.00M,98.00M,100.00M,99.00M,98.00M,102.00M,97.00M,100.00M,101.00M,101.00M,102.00M,102.00M,104.00M,103.00M,104.00M,105.00M,112.00M,117.00M,118.00M,70.00M,257.00M,59.00M,52.00M,29.00M,84.00M,51.00M,53.00M,56.00M,48.00M,42.00M,46.00M,42.00M,37.00M,40.00M,46.00M,48.00M,52.00M,57.00M,57.00M,60.00M,66.57M,61.68M,63.16M,64.31M,144.69M,42.84M,43.52M,47.73M,,,,,,,,,,,,,,,,,,,,,,,,,,,,,,,,,,,,,,,,,,,,,,,,,,,,,,,,,,,,,,,,,,,,,,,,,,,,,,,,,,,,,,,,,,,,,,,,
Operating Interest Income,1.00M,5.00M,3.00M,4.00M,6.00M,6.00M,4.00M,6.00M,6.00M,3.00M,5.00M,5.00M,2.00M,3.00M,2.00M,1.00M,3.00M,2.00M,3.00M,3.00M,2.00M,1.00M,1.00M,4.00M,-2.00M,3.00M,3.00M,3.00M,3.00M,4.00M,3.00M,3.00M,3.00M,4.00M,6.00M,4.00M,4.00M,5.00M,2.00M,2.00M,,,2.00M,5.726M,4.772M,9.55M,5.297M,4.328M,,,,,,,,,,,,,,,,,,,,,,,,,,,,,,,,,,,,,,,,,,,,,,,,,,,,,,,,,,,,,,,,,,,,,,,,,,,,,,,,,,,,,,,,,,,,,,,,
Net Operating Interest Income,-97.00M,-95.00M,-98.00M,-97.00M,-93.00M,-98.00M,-94.00M,-99.00M,-97.00M,-101.00M,-99.00M,-99.00M,-105.00M,-102.00M,-104.00M,-105.00M,-110.00M,-121.00M,-117.00M,-69.00M,-256.00M,-60.00M,-52.00M,-27.00M,-88.00M,-50.00M,-52.00M,-55.00M,-47.00M,-40.00M,-45.00M,-40.00M,-35.00M,-37.00M,-41.00M,-45.00M,-55.00M,-59.00M,-56.00M,-58.00M,-60.57M,-61.68M,-61.16M,-58.59M,-139.92M,-33.29M,-38.22M,-43.40M,,,,,,,,,,,,,,,,,,,,,,,,,,,,,,,,,,,,,,,,,,,,,,,,,,,,,,,,,,,,,,,,,,,,,,,,,,,,,,,,,,,,,,,,,,,,,,,,
Other Operating Expenses,604.00M,42.00M,125.00M,88.00M,276.00M,97.00M,87.00M,98.00M,279.00M,261.00M,86.00M,103.00M,170.00M,207.00M,150.00M,136.00M,1.95B,335.00M,233.00M,44.00M,2.249B,52.00M,46.00M,16.00M,430.00M,31.00M,44.00M,38.00M,-26.00M,22.00M,41.00M,-24.00M,38.00M,-7.00M,700.00M,660.00M,-1.265B,532.00M,471.00M,25.00M,439.43M,471.59M,26.48M,,,,0.829M,26.50M,,,,,,,,,,,,,,,,,,,,,,,,,,,,,,,,,,,,,,,,,,,,,,,,,,,,,,,,,,,,,,,,,,,,,,,,,,,,,,,,,,,,,,,,,,,,,,,,
Total Operating Expenses,753.00M,184.00M,273.00M,262.00M,430.00M,254.00M,253.00M,267.00M,401.00M,405.00M,221.00M,248.00M,323.00M,318.00M,318.00M,240.00M,2.096B,528.00M,399.00M,200.00M,2.465B,287.00M,336.00M,300.00M,750.00M,327.00M,340.00M,379.00M,296.00M,313.00M,376.00M,361.00M,406.00M,349.00M,2.087B,1.872B,-3.132B,1.566B,1.471B,928.00M,1.333B,1.364B,806.69M,3.571B,6.221B,962.73M,1.006B,971.99M,944.14M,787.40M,792.92M,696.05M,739.90M,659.03M,662.03M,564.66M,550.00M,557.60M,497.61M,462.01M,392.10M,399.25M,357.11M,341.80M,362.57M,369.72M,336.21M,267.26M,257.24M,249.86M,256.62M,250.92M,256.94M,257.56M,252.62M,214.70M,244.39M,172.48M,164.50M,148.08M,175.04M,135.50M,118.63M,99.80M,367.36M,109.80M,108.60M,109.70M,113.80M,108.80M,103.60M,99.70M,97.00M,91.50M,85.70M,81.90M,84.30M,83.40M,90.40M,73.00M,72.10M,70.30M,68.40M,60.70M,41.80M,66.60M,52.70M,52.20M,58.70M,52.00M,51.60M,46.00M,54.00M,58.90M,32.60M,33.90M,42.90M,33.80M,30.00M,31.60M,,,,,,,,,,,,,,,,,,,,,,,,
Operating Income,-268.00M,127.00M,258.00M,293.00M,199.00M,638.00M,637.00M,478.00M,297.00M,28.00M,133.00M,295.00M,89.00M,40.00M,-12.00M,-261.00M,-2.154B,-302.00M,282.00M,-7.401B,342.00M,-496.00M,1.151B,1.474B,69.00M,1.113B,1.453B,1.535B,1.732B,912.00M,872.00M,1.606B,1.981B,2.135B,2.178B,1.977B,1.49B,1.404B,1.458B,1.265B,1.183B,932.29M,847.94M,-2.368B,-4.838B,1.872B,2.408B,2.175B,1.584B,1.258B,1.202B,906.49M,825.54M,1.027B,1.085B,1.068B,1.253B,1.200B,995.32M,943.33M,873.25M,778.48M,663.68M,580.27M,501.03M,523.30M,516.73M,553.35M,344.45M,268.16M,276.50M,156.54M,159.87M,291.56M,446.40M,490.34M,448.07M,370.05M,263.42M,227.61M,188.64M,144.80M,76.66M,16.90M,-221.73M,23.60M,32.50M,48.40M,94.80M,70.40M,57.80M,103.50M,99.70M,64.00M,52.80M,39.10M,35.40M,24.00M,30.30M,20.60M,22.90M,22.60M,19.80M,18.10M,20.70M,12.20M,22.80M,22.00M,23.50M,19.20M,14.50M,10.80M,24.90M,11.90M,10.90M,19.30M,8.70M,16.50M,12.90M,19.40M,-149.20M,60.50M,58.80M,60.40M,-66.10M,28.90M,28.80M,29.80M,-206.40M,25.30M,27.50M,25.00M,-103.70M,44.50M,21.50M,32.60M,-79.30M,28.40M,32.30M,33.70M,-42.90M,26.40M,29.00M,28.20M
Non-Operating Interest Income,1.00M,5.00M,3.00M,4.00M,6.00M,6.00M,4.00M,6.00M,6.00M,3.00M,5.00M,5.00M,2.00M,3.00M,2.00M,1.00M,3.00M,2.00M,3.00M,3.00M,2.00M,1.00M,1.00M,4.00M,-2.00M,3.00M,3.00M,3.00M,3.00M,4.00M,3.00M,3.00M,3.00M,4.00M,6.00M,4.00M,4.00M,5.00M,2.00M,2.00M,,,2.00M,5.726M,4.772M,9.55M,5.297M,4.328M,,,,,,,,,,,,,,,,,,,,,,,,,,,,,,,,,,,,,,,,,,,,,,,,,,,,,,,,,,,,,,,,,,,,,,,,,,,,,,,,,,,,,,,,,,,,,,,,
Non-Operating Interest Expense,96.00M,98.00M,100.00M,99.00M,98.00M,102.00M,97.00M,100.00M,101.00M,101.00M,102.00M,102.00M,104.00M,103.00M,104.00M,105.00M,112.00M,117.00M,118.00M,70.00M,257.00M,59.00M,52.00M,29.00M,84.00M,51.00M,53.00M,56.00M,48.00M,42.00M,46.00M,42.00M,37.00M,40.00M,46.00M,48.00M,52.00M,57.00M,57.00M,60.00M,66.57M,61.68M,63.16M,64.31M,144.69M,42.84M,43.52M,47.73M,,,,,,,,,,,,,,,,,,,,,,,,,,,,,,,,,,,,,,,,,,,,,,,,,,,,,,,,,,,,,,,,,,,,,,,,,,,,,,,,,,,,,,,,,,,,,,,,
Net Non-Operating Interest Income Expense,-97.00M,-95.00M,-98.00M,-97.00M,-93.00M,-98.00M,-94.00M,-99.00M,-97.00M,-101.00M,-99.00M,-99.00M,-105.00M,-102.00M,-104.00M,-105.00M,-110.00M,-121.00M,-117.00M,-69.00M,-256.00M,-60.00M,-52.00M,-27.00M,-88.00M,-50.00M,-52.00M,-55.00M,-47.00M,-40.00M,-45.00M,-40.00M,-35.00M,-37.00M,-41.00M,-45.00M,-55.00M,-59.00M,-56.00M,-58.00M,-60.57M,-61.68M,-61.16M,-58.59M,-139.92M,-33.29M,-38.22M,-43.40M,,,,,,,,,,,,,,,,,,,,,,,,,,,,,,,,,,,,,,,,,,,,,,,,,,,,,,,,,,,,,,,,,,,,,,,,,,,,,,,,,,,,,,,,,,,,,,,,
Other Income and Expenses,-2.67B,-18.00M,-312.00M,-31.00M,-450.00M,-134.00M,-35.00M,9.00M,78.00M,166.00M,-25.00M,342.00M,-98.00M,-843.00M,-165.00M,-16.00M,-3.08B,-3.947B,-351.00M,-54.00M,-8.79B,239.00M,-188.00M,-18.00M,258.00M,-422.00M,247.00M,-100.00M,-81.00M,-7.00M,-16.00M,-6.00M,-5.00M,-4.00M,-6.00M,-5.00M,-167.00M,-8.00M,-8.00M,,,,,-26.74M,,-24.97M,-25.68M,-455.49M,-8.34M,-48.28M,-24.63M,-73.85M,-28.31M,143.14M,-65.33M,7.514M,29.89M,-4.219M,-41.96M,-26.32M,-13.34M,-11.07M,-153.32M,-10.76M,-46.95M,-22.68M,-20.89M,-10.63M,-60.37M,10.03M,,-9.20M,-44.39M,15.52M,-130.00M,15.08M,43.11M,-0.446M,,1.025M,,,,0.40M,,,1.60M,0.80M,-3.20M,0.40M,1.60M,-0.30M,0.50M,0.30M,1.60M,1.30M,-7.20M,3.90M,-15.80M,2.10M,4.90M,0.70M,1.90M,0.70M,0.40M,2.30M,0.20M,0.90M,0.50M,0.10M,29.20M,2.00M,3.20M,1.60M,1.30M,1.70M,,0.80M,0.90M,0.90M,,,,,,,,,,,,,,,,,,,,,,,,
Net Interest Income,-97.00M,-95.00M,-98.00M,-97.00M,-93.00M,-98.00M,-94.00M,-99.00M,-97.00M,-101.00M,-99.00M,-99.00M,-105.00M,-102.00M,-104.00M,-105.00M,-110.00M,-121.00M,-117.00M,-69.00M,-256.00M,-60.00M,-52.00M,-27.00M,-88.00M,-50.00M,-52.00M,-55.00M,-47.00M,-40.00M,-45.00M,-40.00M,-35.00M,-37.00M,-41.00M,-45.00M,-55.00M,-59.00M,-56.00M,-58.00M,-60.57M,-61.68M,-61.16M,-58.59M,-139.92M,-33.29M,-38.22M,-43.40M,,,,,,,,,,,,,,,,,,,,,,,,,,,,,,,,,,,,,,,,,,,,,,,,,,,,,,,,,,,,,,,,,,,,,,,,,,,,,,,,,,,,,,,,,,,,,,,,
Pre-Tax Income,-3.035B,14.00M,-152.00M,165.00M,-344.00M,406.00M,508.00M,388.00M,278.00M,93.00M,9.00M,538.00M,-114.00M,-905.00M,-281.00M,-382.00M,-5.344B,-4.37B,-186.00M,-7.524B,-8.704B,-317.00M,911.00M,1.429B,239.00M,641.00M,1.648B,1.38B,1.604B,865.00M,811.00M,1.56B,1.941B,2.094B,2.131B,1.927B,1.268B,1.337B,1.394B,1.207B,1.122B,870.61M,786.78M,-2.453B,-4.901B,1.813B,2.344B,1.676B,1.546B,1.174B,1.138B,814.63M,776.32M,1.151B,1.009B,1.073B,1.213B,1.160B,934.96M,898.58M,826.99M,738.56M,554.60M,542.93M,451.74M,476.66M,474.57M,519.28M,298.16M,236.70M,241.40M,122.71M,128.62M,261.74M,347.30M,461.58M,413.26M,342.39M,237.19M,201.63M,162.77M,125.60M,57.46M,-1.30M,-241.56M,7.40M,16.40M,30.20M,75.40M,51.50M,43.60M,88.10M,84.20M,50.70M,39.80M,25.50M,13.30M,8.90M,4.30M,9.00M,19.50M,16.30M,15.30M,13.30M,16.50M,7.30M,17.80M,16.40M,16.90M,12.80M,36.00M,4.70M,18.40M,0.60M,8.40M,16.70M,16.50M,13.70M,10.50M,16.90M,,,,,,,,,,,,,,,,,,,,,,,,
Provision for Income Taxes,212.00M,131.00M,164.00M,167.00M,6.00M,245.00M,239.00M,182.00M,-240.00M,-12.00M,-604.00M,271.00M,29.00M,-379.00M,-81.00M,-11.00M,-289.00M,-251.00M,731.00M,-3.02B,-2.17B,768.00M,354.00M,578.00M,509.00M,206.00M,611.00M,602.00M,950.00M,685.00M,455.00M,763.00M,752.00M,1.092B,872.00M,793.00M,579.00M,559.00M,534.00M,502.00M,536.90M,428.59M,342.06M,-696.55M,-1.955B,622.53M,898.64M,654.37M,473.12M,560.73M,504.72M,321.68M,255.48M,504.04M,285.28M,412.34M,424.98M,472.52M,346.93M,338.10M,317.25M,308.08M,171.08M,196.60M,190.12M,199.70M,230.19M,206.99M,117.34M,90.17M,95.10M,42.04M,50.00M,104.91M,141.56M,179.38M,168.02M,136.21M,92.96M,85.32M,65.32M,52.80M,24.69M,0.90M,-82.38M,4.20M,7.20M,12.80M,29.90M,20.70M,17.90M,35.20M,33.00M,20.60M,15.40M,9.80M,4.80M,1.90M,3.80M,3.00M,6.90M,5.70M,5.10M,3.90M,3.40M,6.20M,6.30M,4.80M,5.70M,4.30M,12.00M,0.70M,3.60M,-0.50M,1.80M,4.60M,4.80M,4.20M,2.80M,5.40M,,,,,,,,,,,,,,,,,,,,,,,,
Income from Continuing Operations,-3.247B,-117.00M,-316.00M,-2.00M,-350.00M,161.00M,269.00M,206.00M,518.00M,105.00M,613.00M,267.00M,-143.00M,-526.00M,-200.00M,-371.00M,-5.055B,-4.119B,-917.00M,-4.504B,-6.534B,-1.085B,557.00M,851.00M,-270.00M,435.00M,1.037B,778.00M,654.00M,180.00M,356.00M,797.00M,1.189B,1.002B,1.259B,1.134B,689.00M,778.00M,860.00M,705.00M,585.20M,442.02M,444.72M,-1.757B,-2.946B,1.191B,1.445B,1.022B,1.073B,613.35M,633.54M,492.95M,520.84M,647.06M,723.62M,660.92M,788.22M,687.00M,588.03M,560.48M,509.74M,430.48M,383.53M,346.32M,261.61M,276.96M,244.38M,312.30M,180.82M,146.53M,146.31M,80.67M,78.62M,156.83M,205.74M,282.20M,245.24M,206.18M,144.23M,116.30M,97.46M,72.80M,32.77M,-2.20M,-159.19M,3.20M,9.20M,17.40M,45.50M,30.80M,25.70M,52.90M,51.20M,30.10M,24.40M,15.70M,8.50M,7.00M,0.50M,6.00M,12.60M,10.60M,10.20M,9.40M,13.10M,1.10M,11.50M,11.60M,11.20M,8.50M,24.00M,4.00M,14.80M,1.10M,6.60M,12.10M,11.70M,9.50M,7.70M,11.50M,7.10M,5.10M,4.50M,5.40M,2.10M,1.20M,0.60M,1.50M,-80.50M,-0.60M,0.50M,-0.90M,-16.00M,1.80M,1.40M,2.80M,-7.00M,4.80M,5.30M,6.30M,5.70M,5.00M,4.90M,5.80M
Income from Discontinued Operations,,,,,,,,,,,,,0.00,-33.00M,,,627.00M,-17.00M,120.00M,-132.00M,-1.191B,-156.00M,56.00M,-517.00M,500.00M,-129.00M,-2.00M,-61.00M,,,,,,,,,,,,,,,,,,,,,,,,,,,,,,,,,,,,,,,,,,,,,,,,,,,,,,,,,,,,,,,,,,,,,,,,,,,,,,,,,,,,,,,,,,,,,,,,,0.00,2.90M,-0.20M,-0.10M,-1.00M,0.70M,0.20M,0.70M,-0.70M,-0.10M,,,-1.20M,-0.30M,,,-0.20M,,,0.10M
"Extraordinary Items, Income Statement",,,,,,,,,,,,,,,,,,,,,,,,,,,,,,,,,,,,,,,,,,,,,,,,,,,,,,,,,,,,,,,,,0.00,,,26.63M,,,,,,,,,,,,,,,,,,,,,,,,,,,,,,,,,,,,,,,,,,,,,,,,,,,,,,,,,,,,,,,,,,,,,,,,,,,,
Income Attributable to Minority Interest,287.00M,-35.00M,-40.00M,-45.00M,-31.00M,-80.00M,-74.00M,-61.00M,-62.00M,-42.00M,-41.00M,-54.00M,-39.00M,-48.00M,-44.00M,-1.00M,413.00M,-7.00M,-63.00M,-15.00M,-46.00M,-89.00M,-108.00M,-98.00M,-56.00M,0.00,0.00,0.00,,,,,,,,,,,,,,,,,,,,,,,,,,,,,,,,,,,,,,,,,,,,,,,,,,,,,,,,,,,,,,,,,,,,,,,,,,,,,,-0.30M,,,,,,,,,,,,,,,,,,,,,,,,,,,,,,,,,,,,,,
Preferred Stock Dividend,,,,,,,,,,,,,,,,,,,,,,,,,0.00,6.00M,19.00M,19.00M,19.00M,19.00M,19.00M,19.00M,19.00M,19.00M,19.00M,19.00M,19.00M,13.00M,,,2.74M,1.42M,1.42M,1.42M,1.42M,1.42M,1.42M,1.42M,1.42M,1.42M,1.42M,1.42M,1.42M,1.42M,1.42M,1.42M,1.42M,1.42M,1.42M,1.42M,1.42M,1.42M,1.42M,1.42M,1.42M,1.42M,1.42M,1.42M,1.42M,1.406M,3.081M,4.908M,4.908M,4.908M,4.877M,4.908M,4.908M,4.908M,4.908M,5.264M,4.90M,4.90M,3.136M,1.40M,1.40M,0.60M,,,,,,,,,,,,,,,,,,,,,,,,,,,,,,,,,,,,,,,,,,,,,,,,,,,,,,,,,,
Net Income,-2.96B,-152.00M,-356.00M,-47.00M,-381.00M,81.00M,195.00M,145.00M,456.00M,63.00M,572.00M,213.00M,-182.00M,-607.00M,-244.00M,-372.00M,-4.015B,-4.143B,-860.00M,-4.651B,-7.771B,-1.33B,505.00M,236.00M,174.00M,306.00M,1.035B,717.00M,668.00M,180.00M,356.00M,797.00M,1.189B,1.002B,1.259B,1.134B,689.00M,778.00M,860.00M,705.00M,585.20M,442.02M,444.72M,-1.757B,-2.946B,1.191B,1.445B,1.022B,1.073B,613.35M,633.54M,492.95M,520.84M,647.06M,723.62M,660.92M,788.22M,687.00M,588.03M,560.48M,508.43M,430.48M,383.53M,346.32M,261.61M,276.96M,244.38M,338.93M,180.82M,146.53M,146.31M,80.67M,78.62M,156.83M,205.74M,282.20M,245.24M,206.18M,144.23M,116.30M,97.46M,72.80M,32.77M,-2.20M,-159.19M,3.20M,9.20M,17.40M,45.50M,30.80M,25.70M,52.90M,51.20M,30.10M,24.40M,15.70M,8.50M,7.00M,0.50M,6.00M,12.60M,10.60M,10.20M,9.40M,13.10M,1.10M,11.50M,11.60M,11.20M,8.50M,24.00M,4.00M,14.80M,1.10M,6.60M,12.10M,11.70M,9.50M,7.70M,11.50M,7.10M,5.10M,4.50M,5.40M,2.10M,4.10M,0.40M,1.40M,-81.50M,0.10M,0.70M,-0.20M,-16.70M,1.70M,1.40M,2.80M,-8.20M,4.50M,5.30M,6.30M,5.50M,5.00M,4.90M,5.90M
Normalized Income,-981.70M,-138.86M,-128.24M,-24.37M,-18.92M,178.82M,220.55M,138.43M,450.60M,-36.60M,587.00M,7.80M,-123.20M,-68.20M,-126.56M,-356.46M,-1.729B,-405.70M,-769.40M,-4.487B,-40.75M,-1.329B,563.95M,763.80M,-314.95M,721.38M,881.39M,843.00M,655.30M,184.55M,366.40M,800.90M,1.192B,1.005B,1.263B,1.137B,797.55M,783.20M,864.94M,705.00M,585.20M,442.02M,444.72M,-1.738B,-2.946B,1.207B,1.461B,1.299B,1.078B,644.73M,649.55M,537.64M,539.83M,561.18M,770.48M,656.29M,768.80M,689.53M,614.42M,576.90M,517.97M,437.12M,489.55M,353.19M,289.79M,290.57M,256.92M,318.69M,217.43M,140.32M,146.31M,86.72M,105.75M,147.52M,283.74M,272.98M,219.37M,206.45M,144.23M,115.69M,97.46M,72.80M,32.77M,-2.44M,-159.19M,3.20M,8.24M,16.92M,47.43M,30.56M,24.74M,53.08M,50.90M,29.92M,23.42M,14.90M,13.10M,3.933M,9.98M,4.60M,9.434M,10.14M,8.933M,8.905M,12.78M,-0.28M,11.37M,10.96M,10.87M,8.434M,4.533M,2.298M,12.23M,0.14M,5.579M,10.87M,11.70M,8.945M,7.04M,10.89M,,,,,,,,,,,,,,,,,,,,,,,,
EBITDA,-2.218B,823.00M,550.00M,910.00M,388.00M,1.118B,1.213B,1.041B,952.00M,753.00M,683.00M,1.216B,613.00M,-154.00M,492.00M,401.00M,-4.424B,-3.381B,-68.00M,848.00M,-8.447B,2.477B,2.215B,2.664B,1.532B,2.687B,3.051B,2.748B,2.832B,2.936B,2.789B,3.342B,3.152B,3.199B,3.206B,2.911B,2.248B,2.181B,2.18B,1.906B,1.804B,1.558B,1.423B,1.010B,1.245B,2.457B,3.015B,2.344B,2.209B,1.859B,1.793B,1.437B,1.340B,1.515B,1.526B,1.440B,1.613B,1.557B,1.354B,1.283B,1.202B,1.092B,960.02M,867.06M,796.89M,816.74M,789.62M,768.23M,558.24M,479.16M,487.76M,367.91M,382.83M,509.67M,655.58M,663.37M,607.00M,526.17M,400.21M,361.04M,315.18M,265.10M,183.20M,106.40M,110.26M,119.50M,130.90M,148.10M,197.20M,170.50M,152.60M,194.10M,186.80M,146.60M,130.30M,112.10M,110.90M,99.70M,117.40M,84.50M,86.20M,84.70M,78.90M,70.20M,54.50M,70.60M,67.40M,65.40M,72.90M,62.60M,57.20M,48.70M,67.60M,51.50M,36.80M,47.30M,45.10M,44.80M,37.70M,46.70M,-149.20M,60.50M,58.80M,60.40M,-66.10M,28.90M,28.80M,29.80M,-206.40M,25.30M,27.50M,25.00M,-103.70M,44.50M,21.50M,32.60M,-79.30M,28.40M,32.30M,33.70M,-42.90M,26.40M,29.00M,28.20M
Reconciled Depreciation,721.00M,711.00M,602.00M,646.00M,634.00M,610.00M,608.00M,553.00M,573.00M,559.00M,572.00M,576.00M,623.00M,648.00M,669.00M,678.00M,808.00M,872.00M,-6.682B,8.302B,-667.00M,2.735B,1.252B,1.206B,1.209B,1.995B,1.35B,1.312B,1.18B,2.029B,1.932B,1.74B,1.174B,1.065B,1.029B,936.00M,928.00M,787.00M,729.00M,639.00M,614.96M,625.90M,573.36M,3.399B,6.001B,600.89M,627.67M,620.49M,624.98M,600.80M,591.11M,530.91M,514.80M,487.54M,441.44M,372.58M,360.10M,357.16M,359.01M,339.41M,329.14M,313.52M,295.74M,286.23M,295.86M,292.88M,272.36M,214.35M,203.36M,211.00M,203.73M,203.95M,155.06M,217.02M,208.65M,172.53M,158.94M,156.12M,135.06M,133.43M,126.54M,120.26M,106.54M,89.50M,331.98M,95.90M,98.40M,99.70M,102.40M,100.10M,94.80M,90.60M,87.10M,82.60M,77.50M,73.00M,75.50M,75.70M,87.10M,63.90M,63.30M,62.10M,59.00M,52.10M,33.80M,58.40M,44.60M,43.40M,49.40M,43.40M,42.70M,37.90M,42.70M,39.20M,25.90M,28.00M,36.40M,28.30M,24.80M,27.30M,,,,,,,,,,,,,,,,,,,,,,,,
EBIT,-2.939B,112.00M,-52.00M,264.00M,-246.00M,508.00M,605.00M,488.00M,379.00M,194.00M,111.00M,640.00M,-10.00M,-802.00M,-177.00M,-277.00M,-5.232B,-4.253B,-68.00M,-7.454B,-8.447B,-258.00M,963.00M,1.458B,323.00M,692.00M,1.701B,1.436B,1.652B,907.00M,857.00M,1.602B,1.978B,2.134B,2.177B,1.975B,1.32B,1.394B,1.451B,1.267B,1.189B,932.29M,849.94M,-2.389B,-4.756B,1.856B,2.387B,1.724B,1.584B,1.258B,1.202B,906.49M,825.54M,1.027B,1.085B,1.068B,1.253B,1.200B,995.32M,943.33M,873.25M,778.48M,663.68M,580.27M,501.03M,523.30M,516.73M,553.35M,344.45M,268.16M,276.50M,156.54M,159.87M,291.56M,446.40M,490.34M,448.07M,370.05M,263.42M,227.61M,188.64M,144.80M,76.66M,16.90M,-221.73M,23.60M,32.50M,48.40M,94.80M,70.40M,57.80M,103.50M,99.70M,64.00M,52.80M,39.10M,35.40M,24.00M,30.30M,20.60M,22.90M,22.60M,19.80M,18.10M,20.70M,12.20M,22.80M,22.00M,23.50M,19.20M,14.50M,10.80M,24.90M,11.90M,10.90M,19.30M,8.70M,16.50M,12.90M,19.40M,-149.20M,60.50M,58.80M,60.40M,-66.10M,28.90M,28.80M,29.80M,-206.40M,25.30M,27.50M,25.00M,-103.70M,44.50M,21.50M,32.60M,-79.30M,28.40M,32.30M,33.70M,-42.90M,26.40M,29.00M,28.20M
EPS Basic from Continuing Operations,-7.89,-0.45,-0.96,-0.12,-1.00,0.21,0.51,0.38,1.20,0.16,1.50,0.56,-0.48,-1.51,-0.65,-0.98,-19.57,-10.91,-2.60,-11.99,-12.78,-3.08,1.17,1.92,0.44,1.08,2.60,1.94,1.66,0.41,0.87,2.02,3.05,2.56,3.23,2.91,1.75,2.14,2.55,2.09,1.74,1.31,1.32,-5.25,-8.82,3.55,4.32,3.06,3.22,1.84,1.91,1.48,1.58,1.96,2.19,2.00,2.39,2.08,1.79,1.70,1.55,1.31,1.17,1.06,0.805,0.85,0.75,0.975,0.5967,0.4810,0.4617,0.2523,0.1437,0.5284,0.6926,0.9697,0.8517,0.7229,0.5322,0.4242,0.3989,0.2321,0.1212,-0.0173,-0.7096,0.0130,0.0354,0.0779,0.2604,0.1337,0.1141,0.2321,0.2880,0.1337,0.1141,0.0787,0.0543,0.0393,0.0039,0.0393,0.1103,0.0669,0.0669,0.0590,0.0787,0.0079,0.0865,0.0944,0.0944,0.0708,0.2006,0.0354,0.1259,0.0079,0.0590,0.1062,0.1023,0.0826,0.0669,0.1023,,0.0590,0.0551,0.0629,,0.0236,0.0118,0.0275,,-0.0118,0.0118,-0.0197,,0.0354,0.0275,0.0511,,0.0905,0.1023,0.1180,,0.0944,0.0905,0.1062
EPS Basic from Discontinued Operations,,,,,,,,,0.00,,,,0.00,-0.09,,,0.50,-0.04,0.32,-0.35,0.00,-0.42,0.14,-1.32,1.26,-0.33,-0.01,-0.16,,,,,0.00,,0.00,0.00,,0.00,0.00,0.00,0.00,0.00,0.00,0.00,0.00,0.00,0.00,0.00,0.00,0.00,0.00,0.00,0.00,0.00,0.00,0.00,0.00,0.00,0.00,0.00,0.00,0.00,0.00,0.00,-0.005,0.00,0.00,0.085,0.00,0.00,0.00,0.00,0.00,0.00,0.00,0.00,0.00,0.00,0.00,0.00,0.00,0.00,0.00,0.00,0.00,0.00,0.00,0.00,0.00,0.00,0.00,0.00,0.00,0.00,0.00,0.00,0.00,0.00,0.00,0.00,0.00,0.00,0.00,0.00,0.00,0.00,0.00,0.00,0.00,0.00,0.00,0.00,0.00,0.00,0.00,0.00,0.00,0.00,0.00,0.00,,0.00,0.00,0.00,0.00,0.0551,-0.0039,0.00,-0.0196,0.0118,0.0039,0.0157,-0.0136,-0.0039,0.00,0.00,-0.0230,-0.0039,0.00,0.00,-0.0038,0.00,0.00,0.00
EPS Basic from Extraordinaries,,,,,,,,,,,,,,,,,,,,,,,,,,,,,,,,,,,,,,,,,,,,,,,,,,,,,,,,,,,,,,,,,0.00,,,0.00,,,,,,,,,,,,,,,,,,,,,,,,,,,,,,,,,,,,,,,,,,,,,,,,,,,,,,,,,,,,,,,,,,,,,,,,,,,,
Normalized Basic EPS,-2.643,-0.4151,-0.3559,-0.0598,-0.0446,0.4654,0.5769,0.3628,1.186,-0.1014,1.539,0.02,-0.3249,-0.1789,-0.3401,-0.9389,-11.86,-1.068,-2.043,-11.90,4.658,-3.488,1.469,1.947,0.4678,1.798,2.203,2.106,1.663,0.4216,0.8967,2.030,3.058,2.567,3.240,2.918,2.039,2.155,2.565,2.09,1.74,1.31,1.32,-5.193,-8.82,3.599,4.367,3.893,3.237,1.934,1.958,1.615,1.638,1.699,2.332,1.986,2.331,2.088,1.871,1.750,1.575,1.330,1.495,1.081,0.8917,0.8920,0.7887,0.9951,0.7178,0.4604,0.4617,0.2732,0.2225,0.4961,0.9616,0.9374,0.7615,0.7239,0.5322,0.4219,0.3989,0.2321,0.1212,-0.0182,-0.7096,0.0130,0.0317,0.0757,0.2730,0.1327,0.1098,0.2328,0.2859,0.1329,0.1095,0.0747,0.0876,0.0221,0.0785,0.0302,0.0775,0.0640,0.0586,0.0559,0.0768,-0.0020,0.0856,0.0892,0.0916,0.0702,0.0379,0.0203,0.1044,0.0010,0.0499,0.0954,0.1023,0.0778,0.0611,0.0968,,0.0590,0.0551,0.0629,,0.0236,0.0118,0.0275,,-0.0118,0.0118,-0.0197,,0.0354,0.0275,0.0511,,0.0905,0.1023,0.1180,,0.0944,0.0905,0.1062
EPS Basic,-7.89,-0.45,-0.96,-0.12,-1.00,0.21,0.51,0.38,1.20,0.16,1.50,0.56,-0.48,-1.60,-0.65,-0.98,-19.07,-10.95,-2.28,-12.34,-12.78,-3.50,1.31,0.60,0.44,0.75,2.59,1.78,1.66,0.41,0.87,2.02,3.05,2.56,3.23,2.91,1.75,2.14,2.55,2.09,1.74,1.31,1.32,-5.25,-8.82,3.55,4.32,3.06,3.22,1.84,1.91,1.48,1.58,1.96,2.19,2.00,2.39,2.08,1.79,1.70,1.55,1.31,1.17,1.06,0.80,0.85,0.75,1.06,0.5967,0.4810,0.4617,0.2523,0.1437,0.5284,0.6926,0.9697,0.8517,0.7229,0.5322,0.4242,0.3989,0.2321,0.1212,-0.0173,-0.7096,0.0130,0.0354,0.0779,0.2604,0.1337,0.1141,0.2321,0.2880,0.1337,0.1141,0.0787,0.0543,0.0393,0.0039,0.0393,0.1103,0.0669,0.0669,0.0590,0.0787,0.0079,0.0865,0.0944,0.0944,0.0708,0.2006,0.0354,0.1259,0.0079,0.0590,0.1062,0.1023,0.0826,0.0669,0.1023,,0.0590,0.0551,0.0629,0.00,0.0787,0.0079,0.0275,-0.0196,0.00,0.0157,-0.0039,-0.0136,0.0315,0.0275,0.0511,-0.0230,0.0865,0.1023,0.1180,-0.0038,0.0944,0.0905,0.1062
EPS Diluted from Continuing Operations,-7.89,-0.45,-0.96,-0.12,-1.00,0.21,0.51,0.38,1.19,0.16,1.50,0.56,-0.48,-1.51,-0.65,-0.98,-19.57,-10.91,-2.60,-11.99,-12.78,-3.08,1.17,1.90,0.43,1.07,2.54,1.91,1.64,0.41,0.86,2.00,2.98,2.50,3.17,2.86,1.74,2.12,2.53,2.08,1.74,1.30,1.31,-5.25,-8.82,3.52,4.28,3.03,3.20,1.83,1.89,1.47,1.56,1.94,2.17,1.97,2.35,2.05,1.76,1.67,1.53,1.30,1.16,1.05,0.795,0.845,0.745,0.97,0.5857,0.4762,0.4522,0.2475,0.1437,0.5141,0.6710,0.9307,0.8236,0.6970,0.5149,0.4156,0.3985,0.2321,0.1212,-0.0173,-0.7096,0.0130,0.0354,0.0779,0.2541,0.1298,0.1101,0.2203,0.2785,0.1298,0.1101,0.0787,0.0543,0.0393,0.0039,0.0393,0.1103,0.0669,0.0669,0.0590,0.0787,0.0079,0.0865,0.0944,0.0944,0.0708,0.2006,0.0354,0.1259,0.0079,0.0590,0.1062,0.1023,0.0826,0.0669,0.1023,,0.0590,0.0551,0.0629,,0.0236,0.0118,0.0275,,-0.0118,0.0118,-0.0197,,0.0354,0.0275,0.0511,,0.0905,0.1023,0.1180,,0.0944,0.0905,0.1062
EPS Diluted from Discontinued Operations,,,,,,,,,0.00,,,,0.00,-0.09,,,0.50,-0.04,0.32,-0.35,0.00,-0.42,0.14,-1.32,1.24,-0.33,-0.01,-0.16,,,,,0.00,,0.00,0.00,,0.00,0.00,0.00,0.00,0.00,0.00,0.00,0.00,0.00,0.00,0.00,0.00,0.00,0.00,0.00,0.00,0.00,0.00,0.00,0.00,0.00,0.00,0.00,-0.01,0.00,0.00,0.00,-0.005,0.00,0.00,0.08,0.00,0.00,0.00,0.00,0.00,0.00,0.00,0.00,0.00,0.00,0.00,0.00,0.00,0.00,0.00,0.00,0.00,0.00,0.00,0.00,0.00,0.00,0.00,0.00,0.00,0.00,0.00,0.00,0.00,0.00,0.00,0.00,0.00,0.00,0.00,0.00,0.00,0.00,0.00,0.00,0.00,0.00,0.00,0.00,0.00,0.00,0.00,0.00,0.00,0.00,0.00,0.00,,0.00,0.00,0.00,0.00,0.0551,-0.0039,0.00,-0.0196,0.0118,0.0039,0.0157,-0.0136,-0.0039,0.00,0.00,-0.0230,-0.0039,0.00,0.00,-0.0038,0.00,0.00,0.00
EPS Diluted from Extraordinaries,,,,,,,,,,,,,,,,,,,,,,,,,,,,,,,,,,,,,,,,,,,,,,,,,,,,,,,,,,,,,,,,,-0.0002,,,0.0829,,,,,,,,,,,,,,,,,,,,,,,,,,,,,,,,,,,,,,,,,,,,,,,,,,,,,,,,,,,,,,,,,,,,,,,,,,,,
Normalized Diluted EPS,-2.643,-0.4151,-0.3559,-0.0598,-0.0497,0.4641,0.5764,0.3629,1.176,-0.1001,1.539,0.0242,-0.3249,-0.1789,-0.3401,-0.9389,-11.86,-1.068,-2.043,-11.90,4.658,-3.488,1.467,1.927,0.4574,1.784,2.159,2.069,1.643,0.4216,0.8867,2.010,2.988,2.506,3.180,2.868,2.019,2.134,2.545,2.08,1.74,1.30,1.31,-5.193,-8.82,3.569,4.327,3.855,3.217,1.924,1.938,1.604,1.617,1.682,2.311,1.956,2.292,2.058,1.839,1.719,1.555,1.320,1.482,1.071,0.8811,0.8867,0.7834,0.9899,0.7045,0.4558,0.4522,0.2683,0.2224,0.4833,0.9316,0.8998,0.7365,0.6979,0.5149,0.4133,0.3985,0.2321,0.1212,-0.0182,-0.7096,0.0130,0.0317,0.0757,0.2666,0.1288,0.1060,0.2210,0.2765,0.1290,0.1057,0.0747,0.0806,0.0221,0.0785,0.0302,0.0901,0.0640,0.0586,0.0559,0.0768,-0.0020,0.0856,0.0892,0.0916,0.0702,0.0379,0.0203,0.1044,0.0010,0.0499,0.0954,0.1023,0.0778,0.0611,0.0968,,0.0590,0.0551,0.0629,,0.0236,0.0118,0.0275,,-0.0118,0.0118,-0.0197,,0.0354,0.0275,0.0511,,0.0905,0.1023,0.1180,,0.0944,0.0905,0.1062
EPS Diluted,-7.89,-0.45,-0.96,-0.12,-1.00,0.21,0.51,0.38,1.19,0.16,1.50,0.56,-0.48,-1.60,-0.65,-0.98,-19.07,-10.95,-2.28,-12.34,-12.78,-3.50,1.31,0.60,0.43,0.75,2.54,1.76,1.64,0.41,0.86,2.00,2.98,2.50,3.17,2.86,1.74,2.12,2.53,2.08,1.74,1.30,1.31,-5.25,-8.82,3.52,4.28,3.03,3.20,1.83,1.89,1.47,1.56,1.94,2.17,1.97,2.35,2.05,1.76,1.67,1.52,1.30,1.16,1.05,0.795,0.845,0.745,1.05,0.5857,0.4762,0.4522,0.2475,0.1437,0.5141,0.6710,0.9307,0.8236,0.6970,0.5149,0.4156,0.3985,0.2321,0.1212,-0.0173,-0.7096,0.0130,0.0354,0.0779,0.2541,0.1298,0.1101,0.2203,0.2785,0.1298,0.1101,0.0787,0.0543,0.0393,0.0039,0.0393,0.1103,0.0669,0.0669,0.0590,0.0787,0.0079,0.0865,0.0944,0.0944,0.0708,0.2006,0.0354,0.1259,0.0079,0.0590,0.1062,0.1023,0.0826,0.0669,0.1023,,0.0590,0.0551,0.0629,0.00,0.0787,0.0079,0.0275,-0.0196,0.00,0.0157,-0.0039,-0.0136,0.0315,0.0275,0.0511,-0.0230,0.0865,0.1023,0.1180,-0.0038,0.0944,0.0905,0.1062
Average Basic Shares Outstanding,377.00M,377.00M,377.00M,376.00M,379.00M,383.00M,382.00M,382.00M,381.00M,381.00M,381.00M,380.00M,379.00M,380.00M,379.00M,378.00M,378.00M,378.00M,378.00M,377.00M,375.00M,381.00M,385.00M,394.00M,398.00M,399.00M,392.00M,392.00M,392.00M,391.00M,389.00M,385.00M,384.00M,384.00M,384.00M,383.00M,376.00M,357.00M,338.00M,337.00M,337.09M,336.16M,336.00M,335.10M,334.97M,334.82M,334.21M,333.39M,333.06M,332.57M,330.95M,332.11M,329.01M,329.41M,329.77M,329.75M,329.29M,329.60M,327.72M,328.86M,327.41M,327.52M,326.59M,325.38M,324.98M,324.17M,323.95M,318.40M,302.32M,301.74M,310.53M,288.43M,344.57M,288.21M,290.00M,285.96M,286.96M,278.40M,263.35M,261.74M,191.11M,292.61M,243.98M,263.46M,231.58M,200.29M,259.90M,223.41M,153.02M,230.32M,225.32M,227.97M,145.22M,225.09M,213.92M,199.59M,138.40M,177.98M,127.13M,152.55M,96.46M,158.53M,152.55M,159.33M,173.45M,139.84M,132.90M,122.89M,118.69M,120.06M,119.65M,113.00M,119.76M,139.84M,111.87M,113.94M,114.54M,115.02M,115.16M,112.46M,111.74M,99.63M,83.84M,83.84M,83.80M,53.40M,53.50M,53.27M,51.01M,51.73M,51.69M,51.69M,51.66M,51.96M,51.96M,52.58M,52.15M,52.58M,52.81M,53.40M,53.01M,53.40M,53.40M,53.40M
Average Diluted Shares Outstanding,377.00M,377.00M,377.00M,376.00M,381.00M,385.00M,385.00M,384.00M,383.00M,383.00M,383.00M,383.00M,379.00M,380.00M,379.00M,378.00M,378.00M,378.00M,378.00M,377.00M,375.00M,381.00M,387.00M,396.00M,403.00M,401.00M,408.00M,408.00M,394.00M,393.00M,390.00M,399.00M,400.00M,400.00M,397.00M,397.00M,389.00M,367.00M,339.00M,339.00M,337.09M,337.87M,337.00M,335.10M,337.31M,337.89M,337.68M,336.55M,334.88M,334.39M,334.45M,334.37M,333.05M,332.81M,332.81M,334.77M,335.06M,334.43M,333.30M,334.77M,334.43M,330.04M,329.40M,328.48M,327.11M,326.08M,326.12M,321.44M,308.23M,304.76M,319.46M,291.65M,344.57M,303.00M,299.36M,297.93M,296.92M,288.78M,278.94M,267.19M,191.11M,292.61M,244.71M,263.46M,231.58M,200.29M,259.90M,223.41M,154.23M,237.30M,233.37M,240.18M,152.20M,231.91M,221.56M,199.59M,174.98M,177.98M,127.13M,152.55M,156.70M,158.53M,152.55M,159.33M,173.45M,139.84M,132.90M,122.89M,118.69M,120.06M,119.65M,113.00M,119.76M,139.84M,111.87M,113.94M,114.54M,115.02M,115.16M,112.46M,111.74M,99.63M,83.84M,83.84M,83.80M,53.40M,53.50M,53.27M,51.01M,51.73M,51.69M,51.69M,51.66M,51.96M,51.96M,52.58M,52.15M,52.58M,52.81M,53.40M,53.01M,53.40M,53.40M,53.40M
Dividend Per Share,0.25,0.25,0.25,0.25,0.25,0.25,0.25,0.25,0.25,0.25,0.25,0.25,0.25,0.25,0.25,0.25,0.25,0.25,0.25,0.25,0.25,0.25,0.25,0.20,0.20,0.20,0.20,0.17,0.17,0.17,0.17,0.15,0.15,0.15,0.15,0.15,0.15,0.15,0.15,0.15,0.15,0.15,0.15,0.15,0.15,0.15,0.15,0.15,0.15,0.15,0.15,0.15,0.15,0.10,0.10,0.10,0.10,0.08,0.08,0.08,0.08,0.06,0.06,0.06,0.06,0.05,0.05,0.0476,0.0476,0.0476,0.0476,0.0476,0.0433,0.00,0.00,0.00,0.0606,0.00,0.00,0.0303,0.0303,0.0303,0.0303,0.0303,0.0303,0.0303,0.0303,0.0303,0.0303,0.0303,0.0303,0.0303,0.0303,0.0303,0.0303,0.0303,0.0303,0.0303,0.0303,0.0303,0.0303,0.0303,0.0303,0.0303,0.0303,0.0303,0.0303,0.0303,0.0303,0.0303,0.0303,0.0303,0.0303,0.0303,0.0303,0.0303,0.0303,0.0303,0.0303,0.0303,0.0303,0.0303,0.0303,0.0303,0.0303,0.0303,0.0303,0.0303,0.0303,0.0303,0.0303,0.0303,0.0303,0.0303,0.0303,0.0303,0.0303,0.0303,0.0303,0.0303,0.0303,,,
As Originally Reported,AOR,AOR,AOR,AOR,AOR,AOR,AOR,AOR,AOR,AOR,AOR,AOR,AOR,AOR,AOR,AOR,AOR,AOR,AOR,AOR,AOR,AOR,AOR,AOR,AOR,AOR,AOR,AOR,AOR,AOR,AOR,AOR,AOR,AOR,AOR,AOR,AOR,AOR,AOR,AOR,AOR,AOR,AOR,AOR,,,,,,,,,,,,,,,,,,,,,,,,,,,,,,,,,,,,,,,,,,,,,,,,,,,,,,,,,,,,,,,,,,,,,,,,,,,,,,,,,,,,,,,,,,,,,,,,,,,,
Restated,,,,,Restated,Restated,Restated,Restated,Restated,Restated,Restated,Restated,Restated,Restated,Restated,Restated,Restated,Restated,Restated,Restated,Restated,Restated,Restated,Restated,Restated,Restated,Restated,Restated,Restated,Restated,Restated,Restated,Restated,Restated,Restated,Restated,Restated,Restated,Restated,Restated,Restated,Restated,Restated,Restated,Restated,Restated,Restated,Restated,,,,,,,,,,,,,,,,,,,,,,,,,,,,,,,,,,,,,,,,,,,,,,,,,,,,,,,,,,,,,,,,,,,,,,,,,,,,,,,,,,,,,,,,,,,,,,,,
