Income (Quarterly),2019-12,2019-09,2019-06,2019-03,2018-12,2018-09,2018-06,2018-03,2017-12,2017-09,2017-06,2017-03,2016-12,2016-09,2016-06,2016-03,2015-12,2015-09,2015-06,2015-03,2014-12,2014-09,2014-06,2014-03,2013-12,2013-09,2013-06,2013-03,2012-12,2012-09,2012-06,2012-03,2011-12,2011-09,2011-06,2011-03,2010-12,2010-09,2010-06,2010-03,2009-12,2009-09,2009-06,2009-03,2008-12,2008-09,2008-06,2008-03,2007-12,2007-09,2007-06,2007-03,2006-12,2006-09,2006-06,2006-03,2005-12,2005-09,2005-06,2005-03,2004-12,2004-09,2004-06,2004-03,2003-12,2003-09,2003-06,2003-03,2002-12,2002-09,2002-06,2002-03,2001-12,2001-09,2001-06,2001-03,2000-12,2000-09,2000-06,2000-03,1999-12,1999-09,1999-06,1999-03,1998-12,1998-09,1998-06,1998-03,1997-12,1997-09,1997-06,1997-03,1996-12,1996-09,1996-06,1996-03,1995-12,1995-09,1995-06,1995-03,1994-12,1994-09,1994-06,1994-03,1993-12,1993-09,1993-06,1993-03,1992-12,1992-09,1992-06,1992-03,1991-12,1991-09,1991-06,1991-03,1990-12,1990-09,1990-06,1990-03,1989-12,1989-09,1989-06,1989-03,1988-12,1988-09,1988-06,1988-03,1987-12,1987-09,1987-06,1987-03,1986-12,1986-09,1986-06,1986-03,1985-12,1985-09,1985-06,1985-03,1984-12,1984-09,1984-06,1984-03
Operating Revenue,26.24B,23.36B,28.83B,27.29B,26.50B,23.39B,29.16B,27.79B,12.64B,30.66B,29.10B,26.88B,32.25B,29.04B,30.34B,27.84B,32.76B,27.86B,28.45B,26.10B,22.60B,31.85B,31.92B,33.35B,6.556B,35.30B,34.96B,33.33B,38.13B,35.47B,36.00B,34.52B,36.97B,34.81B,35.00B,34.70B,40.86B,35.19B,36.65B,35.85B,39.83B,37.36B,39.07B,38.01B,45.39B,46.69B,46.27B,41.65B,50.85B,42.13B,40.96B,38.69B,40.54B,37.31B,37.10B,37.58B,28.91B,36.02B,35.94B,34.03B,25.17B,38.15B,36.46B,33.46B,15.47B,33.19B,33.22B,30.40B,35.10B,32.26B,33.25B,30.47B,34.47B,29.45B,31.82B,30.43B,34.86B,31.90B,32.73B,29.92B,32.45B,27.11B,27.20B,24.06B,28.46B,23.98B,24.93B,22.46B,24.88B,21.81B,21.86B,20.00B,22.85B,19.86B,18.90B,16.93B,19.55B,17.15B,17.63B,14.95B,13.31B,15.96B,16.02B,14.02B,17.89B,14.67B,14.57B,12.70B,12.58B,15.14B,15.19B,13.37B,17.35B,14.29B,14.60B,13.14B,16.97B,14.05B,14.21B,12.43B,15.95B,12.83B,13.43B,11.90B,12.27B,9.306B,9.245B,7.975B,12.04B,9.404B,9.56B,8.315B,12.27B,9.278B,7.79B,5.88B,8.725B,6.52B,6.84B,6.196B,7.977B,6.723B,6.664B,6.583B
Revenue,26.24B,23.36B,28.83B,27.29B,26.50B,23.39B,29.16B,27.79B,12.64B,30.66B,29.10B,26.88B,32.25B,29.04B,30.34B,27.84B,32.76B,27.86B,28.45B,26.10B,22.60B,31.85B,31.92B,33.35B,6.556B,35.30B,34.96B,33.33B,38.13B,35.47B,36.00B,34.52B,32.16B,35.36B,35.62B,38.33B,40.05B,35.37B,36.93B,36.20B,39.93B,37.80B,39.11B,38.44B,45.28B,47.23B,46.84B,42.23B,48.53B,42.51B,42.38B,39.20B,41.03B,37.87B,37.74B,38.03B,29.32B,36.37B,36.54B,34.35B,25.58B,38.34B,36.78B,33.59B,15.66B,33.39B,33.37B,30.46B,35.51B,32.72B,33.33B,30.52B,34.48B,29.47B,31.98B,30.49B,34.98B,32.01B,32.86B,30.00B,32.86B,27.20B,27.41B,24.06B,29.10B,23.98B,24.93B,22.46B,24.88B,21.81B,21.86B,20.00B,22.85B,19.86B,18.90B,16.93B,19.55B,17.15B,17.63B,14.95B,13.31B,15.96B,16.02B,14.02B,17.89B,14.67B,14.57B,12.70B,12.58B,15.14B,15.19B,13.37B,17.35B,14.29B,14.60B,13.14B,16.97B,14.05B,14.21B,12.43B,15.95B,12.83B,13.43B,11.90B,12.27B,9.306B,9.245B,7.975B,12.04B,9.404B,9.56B,8.315B,12.27B,9.278B,7.79B,5.88B,8.725B,6.52B,6.84B,6.196B,7.977B,6.723B,6.664B,6.583B
Cost of Goods Sold,21.61B,17.33B,21.82B,20.35B,23.56B,17.85B,21.75B,20.91B,13.21B,23.67B,21.62B,20.23B,27.73B,20.97B,22.38B,20.36B,25.88B,19.86B,20.57B,18.68B,27.07B,19.74B,20.01B,18.52B,26.60B,19.46B,18.49B,17.32B,30.33B,18.51B,19.20B,17.87B,31.15B,16.76B,17.42B,16.72B,34.89B,16.63B,17.20B,17.51B,20.50B,18.55B,18.80B,18.07B,22.91B,22.14B,20.73B,17.99B,21.51B,18.26B,17.51B,15.85B,17.81B,16.62B,16.32B,17.66B,11.64B,16.00B,16.60B,15.54B,18.09B,15.93B,15.12B,12.62B,15.21B,12.29B,12.42B,11.28B,14.40B,12.24B,13.86B,12.35B,12.85B,11.74B,12.71B,11.79B,13.70B,13.06B,13.21B,11.86B,14.04B,11.20B,11.16B,9.567B,15.31B,8.907B,9.678B,8.042B,11.68B,8.311B,8.645B,7.375B,8.558B,7.415B,7.072B,6.041B,8.036B,6.423B,7.09B,5.827B,7.908B,6.122B,6.489B,5.236B,11.89B,9.118B,7.075B,5.178B,4.821B,7.264B,7.378B,6.099B,9.757B,7.019B,7.089B,5.875B,8.961B,6.895B,6.993B,6.027B,8.37B,6.544B,7.195B,,,,,,,,,,,,,,,,,,,,,
Gross Profit,4.626B,6.032B,7.013B,6.933B,2.944B,5.545B,7.413B,6.877B,-574.00M,6.992B,7.474B,6.65B,4.517B,8.072B,7.961B,7.475B,6.872B,8.004B,7.874B,7.415B,-4.471B,12.11B,11.92B,14.83B,-20.04B,15.84B,16.46B,16.01B,7.798B,16.96B,16.80B,16.65B,1.017B,18.60B,18.21B,21.61B,5.159B,18.75B,19.73B,18.69B,19.43B,19.25B,20.30B,20.37B,22.37B,25.10B,26.11B,24.24B,27.02B,24.25B,24.88B,23.35B,23.22B,21.26B,21.42B,20.37B,17.68B,20.37B,19.94B,18.81B,7.493B,22.41B,21.66B,20.97B,452.00M,21.10B,20.95B,19.18B,21.11B,20.48B,19.47B,18.17B,21.62B,17.73B,19.27B,18.70B,21.28B,18.96B,19.66B,18.14B,18.82B,16.00B,16.25B,14.50B,13.80B,15.07B,15.25B,14.42B,13.20B,13.50B,13.22B,12.62B,14.29B,12.45B,11.83B,10.89B,11.51B,10.73B,10.54B,9.121B,5.406B,9.841B,9.529B,8.785B,6.001B,5.551B,7.491B,7.522B,7.761B,7.873B,7.81B,7.268B,7.592B,7.271B,7.512B,7.264B,8.006B,7.155B,7.221B,6.404B,7.58B,6.284B,6.236B,,,,,,,,,,,,,,,,,,,,,
General and Administrative Expense,4.411B,4.756B,4.822B,4.757B,4.411B,4.81B,5.015B,4.718B,,,,,,,,,,,,,,,,,,,,,,,,,,10.15B,9.108B,9.243B,,9.704B,9.608B,9.675B,10.54B,10.09B,9.712B,10.08B,11.32B,11.33B,11.39B,11.01B,11.31B,11.05B,10.89B,10.46B,9.99B,9.613B,9.967B,9.786B,7.814B,9.623B,9.54B,9.675B,-3.147B,13.26B,13.23B,12.66B,-6.28B,12.12B,12.20B,11.50B,14.40B,11.72B,10.54B,10.06B,12.62B,10.06B,10.47B,10.58B,12.45B,10.99B,11.22B,10.73B,10.78B,9.411B,9.199B,2.619B,,,,,,,,,,,,,,,,,,,,,,,,,,,,,,,,,,,,,,,,,,,,,,,,,,,,,,,,,,,,
SG&A Expense,4.411B,4.756B,4.822B,4.757B,4.411B,4.81B,5.015B,4.718B,13.24B,4.741B,4.152B,4.287B,3.805B,4.343B,4.883B,4.608B,4.773B,4.258B,4.385B,4.415B,,,,,,,,,,,,,,10.15B,9.108B,9.243B,,9.704B,9.608B,9.675B,10.54B,10.09B,9.712B,10.08B,11.32B,11.33B,11.39B,11.01B,11.31B,11.05B,10.89B,10.46B,9.99B,9.613B,9.967B,9.786B,7.814B,9.623B,9.54B,9.675B,-3.147B,13.26B,13.23B,12.66B,-6.28B,12.12B,12.20B,11.50B,14.40B,11.72B,10.54B,10.06B,12.62B,10.06B,10.47B,10.58B,12.45B,10.99B,11.22B,10.73B,10.78B,9.411B,9.199B,2.619B,8.439B,8.249B,8.425B,7.978B,9.015B,7.58B,7.069B,7.285B,8.227B,6.944B,6.246B,5.912B,6.104B,5.715B,5.358B,4.654B,3.938B,4.662B,4.383B,4.384B,1.366B,1.009B,4.229B,3.778B,4.158B,4.054B,3.799B,3.496B,3.352B,3.475B,3.573B,3.352B,3.856B,3.273B,3.351B,2.929B,3.792B,2.833B,3.178B,,,,,,,,,,,,,,,,,,,,,
Special Income and Charges,1.00M,-740.00M,-744.00M,,1.071B,-21.97B,0.00,,-579.00M,-947.00M,,,,,,,,,,,,,,,,,,,,,,,,,,,,,,,,,,,,,,,,-190.00M,-221.00M,-223.00M,-227.00M,-198.00M,-216.00M,-238.00M,-180.00M,-230.00M,-290.00M,-216.00M,-189.00M,-269.00M,-186.00M,-83.00M,-89.00M,-77.00M,-72.00M,-70.00M,-76.00M,-84.00M,-90.00M,-76.00M,-86.00M,-59.00M,-101.00M,-102.00M,-122.00M,-110.00M,-97.00M,-98.00M,-111.00M,-92.00M,-108.00M,,-732.00M,158.00M,142.00M,167.00M,1.819B,185.00M,137.00M,159.00M,146.00M,160.00M,165.00M,167.00M,205.00M,190.00M,179.00M,178.00M,264.00M,190.00M,178.00M,161.00M,195.00M,189.00M,195.00M,156.00M,126.00M,313.00M,202.00M,158.00M,202.00M,288.00M,173.00M,194.00M,286.00M,160.00M,138.00M,168.00M,211.00M,156.00M,100.00M,,,,,,,,,,,,,,,,,,,,,
Provision for Doubtful Accounts,,,,,,,,,,,,,,,,,,,,,,858.00M,948.00M,984.00M,,789.00M,1.01B,1.457B,1.104B,1.122B,743.00M,863.00M,1.037B,961.00M,792.00M,1.14B,1.261B,1.637B,2.007B,2.187B,2.606B,2.868B,2.817B,2.336B,2.78B,1.641B,1.469B,1.343B,1.299B,1.19B,1.057B,936.00M,862.00M,793.00M,896.00M,822.00M,284.00M,1.095B,958.00M,902.00M,1.144B,785.00M,1.004B,955.00M,953.00M,1.061B,978.00M,760.00M,997.00M,640.00M,785.00M,662.00M,935.00M,567.00M,496.00M,483.00M,640.00M,463.00M,421.00M,521.00M,623.00M,227.00M,442.00M,379.00M,,,,,,,,,,,,,,,,,,,,,,,,,,,,,,,,,,,,,,,,,,,,,,,,,,,,,,,,,,,,
Operating Interest Expense,-1.577B,1.279B,991.00M,1.133B,-1.801B,1.155B,1.291B,1.282B,-2.035B,1.232B,1.174B,1.139B,-2.789B,961.00M,1.326B,1.736B,-1.066B,897.00M,713.00M,618.00M,-2.89B,1.325B,1.299B,2.141B,-6.799B,2.445B,2.60B,2.603B,-8.71B,2.972B,3.202B,3.347B,-10.64B,3.731B,3.77B,3.796B,-10.66B,3.822B,3.946B,4.023B,4.007B,4.322B,4.653B,5.327B,5.655B,6.955B,6.621B,6.527B,6.483B,6.07B,5.645B,5.578B,5.153B,5.03B,4.48B,4.348B,3.639B,3.715B,3.786B,3.671B,3.016B,2.974B,2.784B,2.843B,2.458B,2.723B,2.683B,2.596B,2.626B,2.773B,2.443B,2.374B,2.639B,2.64B,2.707B,3.076B,3.065B,2.859B,3.014B,2.782B,2.891B,2.455B,2.404B,2.263B,,,,,,,,,,,,,,,,,,,,,,,,,,,,,,,,,,,,,,,,,,,,,,,,,,,,,,,,,,,,
Net Operating Interest Income,2.797B,-1.279B,-991.00M,-1.133B,2.363B,-1.155B,-1.291B,-1.282B,2.393B,-1.232B,-1.174B,-1.139B,3.052B,-961.00M,-1.326B,-1.736B,1.066B,-897.00M,-713.00M,-618.00M,2.89B,-1.325B,-1.299B,-2.141B,6.799B,-2.445B,-2.60B,-2.603B,8.71B,-2.972B,-3.202B,-3.347B,10.64B,-3.731B,-3.77B,-3.796B,10.66B,-3.822B,-3.946B,-4.023B,-4.007B,-4.322B,-4.653B,-5.327B,-5.655B,-6.955B,-6.621B,-6.527B,-6.483B,-6.07B,-5.645B,-5.578B,-5.153B,-5.03B,-4.48B,-4.348B,-3.639B,-3.715B,-3.786B,-3.671B,-3.016B,-2.974B,-2.784B,-2.843B,-2.458B,-2.723B,-2.683B,-2.596B,-2.626B,-2.773B,-2.443B,-2.374B,-2.639B,-2.64B,-2.707B,-3.076B,-3.065B,-2.859B,-3.014B,-2.782B,-2.891B,-2.455B,-2.404B,-2.263B,,,,,,,,,,,,,,,,,,,,,,,,,,,,,,,,,,,,,,,,,,,,,,,,,,,,,,,,,,,,
Other Operating Expenses,,,,,,,,,,,,,,-227.00M,-3.15B,-9.00M,-1.135B,-169.00M,-780.00M,-142.00M,14.00M,-258.00M,-338.00M,-196.00M,-1.025B,-363.00M,-104.00M,-1.615B,-826.00M,-787.00M,-393.00M,,,,,,,,,,,,,,,,,,,,,,,,,,,,,,,,,,,,,,,,,,,,,,,,,,,,,-103.00M,,,,,,,,,,,,,,,,,,,,,,,,,,,,,,,,,,,,,,,,,,,,,,,,,,,,,,,,,,,,
Total Operating Expenses,4.411B,4.756B,4.822B,4.757B,4.411B,4.81B,5.015B,4.718B,13.24B,4.741B,4.152B,4.287B,7.19B,4.116B,1.733B,4.599B,3.638B,4.089B,3.605B,4.273B,14.17B,600.00M,610.00M,788.00M,13.66B,426.00M,906.00M,-158.00M,278.00M,335.00M,350.00M,863.00M,-27.46B,11.11B,9.90B,10.38B,-27.72B,11.34B,11.62B,11.86B,13.15B,12.95B,12.53B,12.42B,14.10B,12.97B,12.86B,12.35B,12.61B,12.24B,11.94B,11.39B,10.85B,10.41B,10.86B,10.61B,8.098B,10.72B,10.50B,10.58B,-2.003B,14.04B,14.23B,13.62B,-5.327B,13.18B,13.18B,12.26B,15.39B,12.36B,11.33B,10.72B,13.55B,10.62B,10.96B,11.07B,13.09B,11.46B,11.64B,11.25B,11.40B,9.638B,9.641B,2.895B,6.807B,9.401B,9.431B,9.401B,10.12B,8.629B,8.048B,8.237B,9.216B,7.916B,7.178B,6.804B,7.082B,6.574B,6.253B,5.516B,4.821B,5.465B,5.17B,5.118B,2.397B,1.752B,4.95B,4.486B,4.829B,4.841B,4.446B,4.209B,4.126B,4.18B,4.241B,4.037B,4.499B,3.947B,3.922B,3.549B,4.344B,3.401B,3.178B,,,,,,,,,,,,,,,,,,,,,
Operating Income,215.00M,1.276B,2.191B,2.176B,-1.467B,735.00M,2.398B,2.159B,-13.82B,2.251B,3.322B,2.363B,-2.673B,3.956B,6.228B,2.876B,3.234B,3.915B,4.269B,3.142B,-18.64B,11.51B,11.31B,14.04B,-33.71B,15.42B,15.56B,16.17B,7.52B,16.62B,16.46B,15.79B,28.48B,7.498B,8.306B,11.23B,32.87B,7.405B,8.118B,6.83B,6.279B,6.297B,7.775B,7.953B,8.267B,12.13B,13.25B,11.88B,14.41B,12.01B,12.93B,11.96B,12.37B,10.85B,10.56B,9.76B,9.58B,9.649B,9.445B,8.231B,9.496B,8.365B,7.423B,7.357B,5.779B,7.92B,7.765B,6.915B,5.715B,8.121B,8.14B,7.457B,8.072B,7.103B,8.304B,7.632B,8.195B,7.499B,8.01B,6.889B,7.417B,6.365B,6.612B,11.60B,6.99B,5.67B,5.819B,5.016B,3.084B,4.866B,5.167B,4.386B,5.074B,4.53B,4.651B,4.086B,4.429B,4.154B,4.287B,3.605B,585.00M,4.376B,4.359B,3.667B,3.604B,3.799B,2.541B,3.036B,2.932B,3.032B,3.364B,3.059B,3.466B,3.091B,3.271B,3.227B,3.507B,3.208B,3.299B,2.855B,3.236B,2.883B,3.058B,11.90B,-28.22B,9.306B,9.245B,7.975B,-23.60B,9.404B,9.56B,8.315B,-19.88B,9.278B,7.79B,5.88B,-16.62B,6.52B,6.84B,6.196B,-17.12B,6.723B,6.664B,6.583B
Non-Operating Interest Expense,-1.577B,1.279B,991.00M,1.133B,-1.801B,1.155B,1.291B,1.282B,-2.035B,1.232B,1.174B,1.139B,-2.789B,961.00M,1.326B,1.736B,-1.066B,897.00M,713.00M,618.00M,-2.89B,1.325B,1.299B,2.141B,-6.799B,2.445B,2.60B,2.603B,-8.71B,2.972B,3.202B,3.347B,-10.64B,3.731B,3.77B,3.796B,-10.66B,3.822B,3.946B,4.023B,4.007B,4.322B,4.653B,5.327B,5.655B,6.955B,6.621B,6.527B,6.483B,6.07B,5.645B,5.578B,5.153B,5.03B,4.48B,4.348B,3.639B,3.715B,3.786B,3.671B,3.016B,2.974B,2.784B,2.843B,2.458B,2.723B,2.683B,2.596B,2.626B,2.773B,2.443B,2.374B,2.639B,2.64B,2.707B,3.076B,3.065B,2.859B,3.014B,2.782B,2.891B,2.455B,2.404B,2.263B,,,,,,,,,,,,,,,,,,,,,,,,,,,,,,,,,,,,,,,,,,,,,,,,,,,,,,,,,,,,
Net Non-Operating Interest Income Expense,2.797B,-1.279B,-991.00M,-1.133B,2.363B,-1.155B,-1.291B,-1.282B,2.393B,-1.232B,-1.174B,-1.139B,3.052B,-961.00M,-1.326B,-1.736B,1.066B,-897.00M,-713.00M,-618.00M,2.89B,-1.325B,-1.299B,-2.141B,6.799B,-2.445B,-2.60B,-2.603B,8.71B,-2.972B,-3.202B,-3.347B,10.64B,-3.731B,-3.77B,-3.796B,10.66B,-3.822B,-3.946B,-4.023B,-4.007B,-4.322B,-4.653B,-5.327B,-5.655B,-6.955B,-6.621B,-6.527B,-6.483B,-6.07B,-5.645B,-5.578B,-5.153B,-5.03B,-4.48B,-4.348B,-3.639B,-3.715B,-3.786B,-3.671B,-3.016B,-2.974B,-2.784B,-2.843B,-2.458B,-2.723B,-2.683B,-2.596B,-2.626B,-2.773B,-2.443B,-2.374B,-2.639B,-2.64B,-2.707B,-3.076B,-3.065B,-2.859B,-3.014B,-2.782B,-2.891B,-2.455B,-2.404B,-2.263B,,,,,,,,,,,,,,,,,,,,,,,,,,,,,,,,,,,,,,,,,,,,,,,,,,,,,,,,,,,,
Other Income and Expenses,-1.441B,-1.246B,-1.476B,231.00M,-565.00M,-22.54B,130.00M,-602.00M,-1.738B,-271.00M,-1.021B,-1.278B,518.00M,-922.00M,-1.079B,-901.00M,-2.398B,-968.00M,-944.00M,-904.00M,17.04B,-6.98B,-6.931B,-8.582B,24.52B,-9.352B,-9.225B,-9.429B,-10.99B,-9.627B,-9.066B,-8.51B,,,,,,,,,,,,,,,,,,-190.00M,-221.00M,-223.00M,-227.00M,-198.00M,-216.00M,-238.00M,-180.00M,-230.00M,-290.00M,-216.00M,-189.00M,-269.00M,-186.00M,-83.00M,-89.00M,-77.00M,-72.00M,-70.00M,-76.00M,-84.00M,-90.00M,-76.00M,-86.00M,-59.00M,-101.00M,-102.00M,-122.00M,-110.00M,-97.00M,-98.00M,-111.00M,-92.00M,-108.00M,-6.093B,-732.00M,158.00M,142.00M,167.00M,1.819B,185.00M,137.00M,159.00M,146.00M,160.00M,165.00M,167.00M,205.00M,190.00M,179.00M,178.00M,264.00M,190.00M,178.00M,161.00M,195.00M,189.00M,195.00M,156.00M,126.00M,313.00M,202.00M,158.00M,202.00M,288.00M,173.00M,194.00M,286.00M,160.00M,138.00M,168.00M,211.00M,156.00M,100.00M,,,,,,,,,,,,,,,,,,,,,
Net Interest Income,2.797B,-1.279B,-991.00M,-1.133B,2.363B,-1.155B,-1.291B,-1.282B,2.393B,-1.232B,-1.174B,-1.139B,3.052B,-961.00M,-1.326B,-1.736B,1.066B,-897.00M,-713.00M,-618.00M,2.89B,-1.325B,-1.299B,-2.141B,6.799B,-2.445B,-2.60B,-2.603B,8.71B,-2.972B,-3.202B,-3.347B,10.64B,-3.731B,-3.77B,-3.796B,10.66B,-3.822B,-3.946B,-4.023B,-4.007B,-4.322B,-4.653B,-5.327B,-5.655B,-6.955B,-6.621B,-6.527B,-6.483B,-6.07B,-5.645B,-5.578B,-5.153B,-5.03B,-4.48B,-4.348B,-3.639B,-3.715B,-3.786B,-3.671B,-3.016B,-2.974B,-2.784B,-2.843B,-2.458B,-2.723B,-2.683B,-2.596B,-2.626B,-2.773B,-2.443B,-2.374B,-2.639B,-2.64B,-2.707B,-3.076B,-3.065B,-2.859B,-3.014B,-2.782B,-2.891B,-2.455B,-2.404B,-2.263B,,,,,,,,,,,,,,,,,,,,,,,,,,,,,,,,,,,,,,,,,,,,,,,,,,,,,,,,,,,,
Pre-Tax Income,1.571B,-1.249B,-274.00M,1.275B,331.00M,-22.96B,1.236B,277.00M,-13.16B,746.00M,1.127B,-53.00M,894.00M,2.074B,3.824B,238.00M,1.903B,2.05B,2.612B,1.621B,1.288B,3.204B,3.076B,3.319B,-2.392B,3.62B,3.733B,4.139B,5.236B,4.024B,4.187B,3.934B,4.422B,3.767B,4.536B,7.434B,3.642B,3.583B,4.172B,2.807B,2.272B,1.975B,3.122B,2.626B,2.612B,5.172B,6.632B,5.354B,8.564B,5.751B,7.066B,6.16B,6.99B,5.624B,5.864B,5.174B,5.761B,5.704B,5.369B,4.344B,6.291B,5.122B,4.453B,4.431B,3.232B,5.12B,5.01B,4.249B,3.013B,5.264B,5.607B,5.007B,5.347B,4.404B,5.496B,4.454B,5.008B,4.53B,4.899B,4.009B,4.415B,3.818B,4.10B,3.244B,3.629B,3.399B,3.534B,2.915B,2.525B,2.864B,3.231B,2.559B,2.955B,2.698B,2.835B,2.318B,2.672B,2.393B,2.59B,2.082B,2.976B,1.938B,2.229B,1.518B,2.084B,1.91B,978.00M,1.603B,1.262B,1.63B,1.823B,1.558B,1.774B,1.525B,1.649B,1.488B,1.692B,1.472B,1.601B,1.382B,1.679B,1.381B,1.383B,,,,,,,,,,,,,,,,,,,,,
Provision for Income Taxes,727.00M,41.00M,-148.00M,222.00M,-367.00M,52.00M,504.00M,-50.00M,-2.115B,-551.00M,-38.00M,-105.00M,-1.435B,18.00M,461.00M,-177.00M,-742.00M,135.00M,799.00M,6.294B,-261.00M,401.00M,192.00M,619.00M,53.00M,348.00M,310.00M,508.00M,816.00M,557.00M,496.00M,665.00M,474.00M,437.00M,892.00M,3.942B,-585.00M,319.00M,866.00M,443.00M,-582.00M,-484.00M,227.00M,-309.00M,-1.332B,539.00M,1.054B,841.00M,821.00M,640.00M,1.453B,1.232B,1.064B,875.00M,1.063B,997.00M,935.00M,1.112B,993.00M,784.00M,878.00M,1.051B,702.00M,1.065B,495.00M,1.099B,1.216B,1.035B,-89.00M,1.177B,1.181B,1.489B,1.414B,1.123B,1.599B,1.437B,1.423B,1.35B,1.521B,1.417B,1.326B,1.165B,1.28B,1.089B,958.00M,1.115B,1.084B,1.024B,175.00M,850.00M,1.069B,882.00M,888.00M,910.00M,927.00M,801.00M,807.00M,783.00M,864.00M,710.00M,1.019B,570.00M,707.00M,450.00M,607.00M,704.00M,322.00M,518.00M,341.00M,520.00M,607.00M,500.00M,511.00M,483.00M,518.00M,489.00M,453.00M,446.00M,513.00M,432.00M,506.00M,436.00M,411.00M,,,,,,,,,,,,,,,,,,,,,
Income from Continuing Operations,844.00M,-1.29B,-126.00M,1.053B,697.00M,-23.01B,732.00M,328.00M,-11.05B,1.297B,1.164B,52.00M,2.33B,2.056B,3.363B,415.00M,2.645B,1.915B,1.813B,-4.673B,1.549B,2.803B,2.884B,2.70B,-2.445B,3.272B,3.423B,3.631B,4.42B,3.467B,3.691B,3.269B,3.948B,3.33B,3.644B,3.492B,4.227B,3.264B,3.306B,2.364B,2.854B,2.459B,2.895B,2.935B,3.944B,4.633B,5.578B,4.513B,7.743B,5.111B,5.613B,4.928B,5.926B,4.749B,4.801B,4.177B,4.826B,4.592B,4.376B,3.56B,5.413B,4.071B,3.751B,3.366B,2.737B,4.021B,3.794B,3.214B,3.102B,4.087B,4.426B,3.518B,3.933B,3.281B,3.897B,3.017B,3.585B,3.18B,3.378B,2.592B,3.089B,2.653B,2.82B,2.155B,2.671B,2.284B,2.45B,1.891B,2.35B,2.014B,2.162B,1.677B,2.067B,1.788B,1.908B,1.517B,1.865B,1.61B,1.726B,1.372B,1.957B,1.368B,1.522B,1.068B,1.477B,1.206B,656.00M,1.085B,921.00M,1.11B,1.216B,1.058B,1.263B,1.042B,1.131B,999.00M,1.239B,1.026B,1.088B,950.00M,1.173B,945.00M,972.00M,849.00M,1.011B,815.00M,835.00M,725.00M,353.00M,703.00M,720.00M,343.00M,730.00M,604.00M,612.00M,537.00M,660.00M,575.00M,590.00M,511.00M,652.00M,564.00M,579.00M,485.00M
Income from Discontinued Operations,-123.00M,-8.093B,231.00M,2.592B,163.00M,155.00M,-63.00M,-1.441B,178.00M,-106.00M,-146.00M,-239.00M,0.00,-105.00M,-541.00M,-308.00M,3.758B,629.00M,-2.947B,-8.936B,3.79B,706.00M,661.00M,252.00M,5.81B,-91.00M,-124.00M,-120.00M,-274.00M,41.00M,-553.00M,-197.00M,-135.00M,-65.00M,194.00M,35.00M,537.00M,-1.052B,-101.00M,-366.00M,257.00M,40.00M,-194.00M,-21.00M,-83.00M,-165.00M,-322.00M,-47.00M,-131.00M,448.00M,-231.00M,-357.00M,532.00M,117.00M,145.00M,263.00M,-1.395B,85.00M,271.00M,405.00M,,,,,,,,,,,,,,,,,,,,,,,,,,,,,,,,,,,,,,,,,,,,,0.00,,678.00M,75.00M,,,,,,,,,,,,,,,,,,,,,,,,,,,,,,,,,,,,
"Extraordinary Items, Income Statement",,,,,,,,,,,,,,,,,,,,,,,,,,,,,,,,,,,,,,,,,,,,,,,,,,,,,,,,,,,,,,,,,0.00,-372.00M,0.00,-215.00M,0.00,0.00,0.00,-1.015B,0.00,0.00,0.00,-444.00M,0.00,0.00,0.00,0.00,,,,,,,,,,,,,,,,,,,,,,,,,0.00,,,,,,,,,,,,,,,,,,,,,,,,,,,,,,,,,,,,,,,
Income Attributable to Minority Interest,7.00M,-40.00M,23.00M,-57.00M,-99.00M,90.00M,132.00M,-34.00M,53.00M,169.00M,38.00M,104.00M,6.00M,76.00M,86.00M,121.00M,-103.00M,-39.00M,-225.00M,35.00M,-187.00M,28.00M,0.00,47.00M,-158.00M,10.00M,-166.00M,16.00M,-135.00M,-17.00M,-33.00M,-38.00M,-83.00M,-41.00M,-74.00M,-94.00M,-229.00M,-157.00M,-96.00M,-53.00M,-98.00M,-5.00M,-12.00M,-85.00M,-139.00M,-156.00M,-184.00M,-162.00M,,,,,,,,,,,,,,,,,,,,,,,,,,,,,,,,,,,,,,-68.00M,-61.00M,-56.00M,-66.00M,-67.00M,-52.00M,-55.00M,-81.00M,-67.00M,-61.00M,-60.00M,-79.00M,-40.00M,-46.00M,-39.00M,-50.00M,-33.00M,-56.00M,-31.00M,-40.00M,-62.00M,-29.00M,-20.00M,-14.00M,-9.00M,-18.00M,-12.00M,-26.00M,,-19.00M,-27.00M,-32.00M,-16.00M,-20.00M,-14.00M,-28.00M,-20.00M,-23.00M,,,,,,,,,,,,,,,,,,,,,
Preferred Stock Dividend,190.00M,42.00M,188.00M,40.00M,187.00M,39.00M,185.00M,37.00M,184.00M,36.00M,182.00M,34.00M,182.00M,33.00M,152.00M,289.00M,,,,,,,,,,,,,,,,,0.00,881.00M,75.00M,75.00M,75.00M,75.00M,75.00M,75.00M,75.00M,75.00M,75.00M,75.00M,,,,,,,,,,,,,,,,,,,,,,,,,,,,,,,,,,,,,,,,,,,,,,,,,,,,,,,,,,,,,,,,,,,,,,,,,,,,,,,,,,,,,,,,,,,,,,,,,,,,
Net Income,728.00M,-9.423B,127.00M,3.588B,761.00M,-22.77B,800.00M,-1.147B,-10.82B,1.36B,1.057B,-83.00M,2.336B,2.027B,2.908B,228.00M,6.301B,2.506B,-1.36B,-13.57B,5.152B,3.537B,3.545B,2.999B,3.206B,3.191B,3.133B,3.527B,4.011B,3.491B,3.105B,3.034B,3.73B,3.224B,3.764B,3.433B,4.535B,2.055B,3.109B,1.945B,3.013B,2.494B,2.689B,2.829B,3.722B,4.312B,5.072B,4.304B,6.696B,5.559B,5.382B,4.571B,6.458B,4.866B,4.946B,4.44B,3.431B,4.677B,4.647B,3.965B,5.972B,4.071B,3.751B,3.366B,4.794B,3.649B,3.794B,2.999B,3.102B,4.087B,4.426B,2.503B,3.933B,3.281B,3.897B,2.573B,3.585B,3.18B,3.378B,2.592B,3.089B,2.653B,2.82B,2.155B,2.671B,2.284B,2.45B,1.891B,2.35B,2.014B,2.162B,1.677B,2.067B,1.788B,1.908B,1.517B,1.865B,1.61B,1.726B,1.372B,768.00M,1.368B,1.522B,1.068B,1.477B,1.206B,1.334B,1.16B,1.341B,1.11B,1.216B,1.058B,-536.00M,1.042B,1.131B,999.00M,1.239B,1.026B,1.088B,950.00M,1.173B,945.00M,972.00M,849.00M,1.011B,815.00M,835.00M,725.00M,353.00M,703.00M,720.00M,343.00M,730.00M,604.00M,612.00M,537.00M,660.00M,575.00M,590.00M,511.00M,652.00M,564.00M,579.00M,485.00M
Normalized Income,850.27M,-614.42M,439.12M,996.00M,-183.83M,-994.95M,863.00M,294.00M,-10.51B,2.404B,1.597B,536.40M,2.754B,2.809B,4.132B,921.20M,2.941B,2.506B,2.043B,-4.269B,1.746B,3.410B,3.501B,3.251B,-2.189B,3.889B,3.887B,4.228B,4.878B,4.102B,4.242B,3.843B,3.865B,3.289B,3.57B,3.398B,3.998B,3.107B,3.21B,2.311B,2.756B,2.454B,2.883B,2.85B,3.805B,4.477B,5.394B,4.351B,6.827B,5.280B,5.789B,5.106B,6.118B,4.916B,4.978B,4.369B,4.977B,4.777B,4.612B,3.737B,5.576B,4.285B,3.908B,3.429B,2.812B,4.081B,3.849B,3.267B,3.148B,4.152B,4.497B,3.571B,3.996B,3.325B,3.969B,3.086B,3.672B,3.257B,3.445B,2.655B,3.167B,2.717B,2.894B,2.155B,3.210B,2.178B,2.352B,1.783B,657.07M,1.884B,2.070B,1.573B,1.965B,1.682B,1.797B,1.408B,1.722B,1.482B,1.607B,1.255B,1.783B,1.234B,1.400B,954.73M,1.339B,1.087B,525.20M,979.41M,829.05M,896.85M,1.081B,950.71M,1.119B,845.22M,1.012B,868.75M,1.030B,914.48M,994.22M,834.52M,1.026B,838.25M,901.72M,,,,,,,,,,,,,,,,,,,,,
EBITDA,1.40B,821.00M,2.403B,4.12B,15.00M,-20.50B,4.442B,3.433B,-14.43B,4.005B,3.97B,2.818B,1.534B,6.676B,6.445B,3.184B,2.13B,6.501B,4.513B,3.34B,-469.00M,5.954B,4.581B,7.649B,-9.191B,8.642B,8.599B,9.051B,-981.00M,9.283B,9.581B,9.501B,-4.171B,9.848B,10.61B,13.52B,-4.683B,10.02B,10.49B,9.295B,9.005B,8.955B,10.28B,10.68B,11.53B,14.99B,15.93B,14.56B,17.89B,14.40B,15.12B,14.18B,14.44B,12.76B,12.26B,11.65B,10.76B,11.64B,11.14B,10.30B,11.50B,10.20B,9.294B,9.271B,7.43B,9.584B,9.411B,8.51B,7.483B,9.731B,9.72B,8.684B,10.21B,8.802B,9.789B,9.091B,8.774B,9.222B,9.811B,8.744B,9.14B,7.948B,8.173B,7.02B,9.35B,6.822B,6.825B,6.439B,4.186B,5.915B,6.146B,5.338B,6.063B,5.502B,5.583B,4.978B,5.407B,5.013B,5.182B,4.467B,1.468B,5.179B,5.146B,4.401B,4.635B,4.587B,3.275B,3.744B,3.603B,3.819B,4.011B,3.772B,4.24B,3.796B,3.939B,3.912B,4.15B,3.882B,3.87B,3.475B,3.788B,3.451B,3.058B,11.90B,-28.22B,9.306B,9.245B,7.975B,-23.60B,9.404B,9.56B,8.315B,-19.88B,9.278B,7.79B,5.88B,-16.62B,6.52B,6.84B,6.196B,-17.12B,6.723B,6.664B,6.583B
Reconciled Depreciation,1.406B,791.00M,1.686B,1.712B,1.485B,1.308B,1.915B,1.874B,766.00M,2.027B,1.669B,1.732B,3.429B,3.641B,1.295B,1.21B,1.293B,3.554B,1.188B,1.101B,1.133B,1.425B,206.00M,2.189B,-1.95B,2.577B,2.266B,2.309B,2.493B,2.287B,2.192B,2.22B,2.042B,2.35B,2.302B,2.292B,2.337B,2.611B,2.373B,2.465B,2.726B,2.658B,2.504B,2.731B,3.265B,2.861B,2.673B,2.682B,2.844B,2.58B,2.411B,2.44B,2.298B,2.108B,1.919B,2.132B,1.358B,2.217B,1.986B,2.28B,2.19B,2.104B,2.057B,1.997B,1.74B,1.741B,1.718B,1.665B,1.844B,1.694B,1.67B,1.303B,2.22B,1.758B,1.586B,1.561B,701.00M,1.833B,1.898B,1.953B,1.834B,1.675B,1.669B,1.513B,2.625B,1.152B,660.00M,1.423B,1.102B,1.049B,979.00M,952.00M,989.00M,972.00M,932.00M,892.00M,978.00M,859.00M,895.00M,862.00M,883.00M,803.00M,787.00M,734.00M,1.031B,788.00M,734.00M,708.00M,671.00M,787.00M,647.00M,713.00M,774.00M,705.00M,668.00M,685.00M,643.00M,674.00M,571.00M,620.00M,552.00M,568.00M,,,,,,,,,,,,,,,,,,,,,,
EBIT,-6.00M,30.00M,717.00M,2.408B,-1.47B,-21.81B,2.527B,1.559B,-15.20B,1.978B,2.301B,1.086B,-1.895B,3.035B,5.15B,1.974B,837.00M,2.947B,3.325B,2.239B,-1.602B,4.529B,4.375B,5.46B,-9.191B,6.065B,6.333B,6.742B,-3.474B,6.996B,7.389B,7.281B,-6.213B,7.498B,8.306B,11.23B,-7.02B,7.405B,8.118B,6.83B,6.279B,6.297B,7.775B,7.953B,8.267B,12.13B,13.25B,11.88B,15.05B,11.82B,12.71B,11.74B,12.14B,10.65B,10.34B,9.522B,9.40B,9.419B,9.155B,8.015B,9.307B,8.096B,7.237B,7.274B,5.69B,7.843B,7.693B,6.845B,5.639B,8.037B,8.05B,7.381B,7.986B,7.044B,8.203B,7.53B,8.073B,7.389B,7.913B,6.791B,7.306B,6.273B,6.504B,5.507B,6.725B,5.67B,5.819B,5.016B,3.084B,4.866B,5.167B,4.386B,5.074B,4.53B,4.651B,4.086B,4.429B,4.154B,4.287B,3.605B,585.00M,4.376B,4.359B,3.667B,3.604B,3.799B,2.541B,3.036B,2.932B,3.032B,3.364B,3.059B,3.466B,3.091B,3.271B,3.227B,3.507B,3.208B,3.299B,2.855B,3.236B,2.883B,3.058B,11.90B,-28.22B,9.306B,9.245B,7.975B,-23.60B,9.404B,9.56B,8.315B,-19.88B,9.278B,7.79B,5.88B,-16.62B,6.52B,6.84B,6.196B,-17.12B,6.723B,6.664B,6.583B
EPS Basic from Continuing Operations,0.08,-0.15,-0.03,0.11,0.08,-2.64,0.08,0.03,-1.15,0.16,0.12,0.01,0.40,0.24,0.36,0.03,0.26,0.19,0.17,-0.45,0.53,0.28,0.29,0.27,0.49,0.32,0.32,0.35,0.41,0.33,0.35,0.30,0.37,0.22,0.33,0.31,0.36,0.28,0.29,0.21,0.25,0.22,0.26,0.26,0.41,0.43,0.51,0.44,0.68,0.50,0.55,0.48,0.58,0.46,0.46,0.43,0.46,0.43,0.41,0.34,0.52,0.39,0.36,0.33,0.33,0.36,0.38,0.30,0.31,0.41,0.45,0.25,0.40,0.33,0.39,0.26,0.36,0.32,0.34,0.26,0.31,0.27,0.29,0.22,0.27,0.23,0.25,0.19,0.2333,0.21,0.22,0.17,0.2033,0.18,0.19,0.15,0.18,0.16,0.17,0.14,0.1867,0.13,0.15,0.10,0.1183,0.12,0.07,0.11,0.09,0.11,0.12,0.10,0.12,0.10,0.11,0.10,0.12,0.10,0.10,0.09,0.10,0.09,0.09,0.08,,0.08,0.08,0.07,,0.07,0.07,0.03,,0.06,0.06,0.05,,0.05,0.06,0.05,,0.05,0.05,0.05
EPS Basic from Discontinued Operations,-0.02,-0.93,0.03,0.30,-0.01,0.02,-0.01,-0.17,0.02,-0.01,-0.02,-0.03,0.00,-0.01,-0.06,-0.03,0.38,0.05,-0.30,-0.90,-0.02,0.07,0.07,0.03,-0.07,-0.03,-0.01,-0.01,-0.03,0.00,-0.05,-0.02,-0.02,0.00,0.02,0.01,0.06,-0.10,-0.01,-0.04,0.03,0.01,-0.01,0.00,-0.06,0.00,0.00,-0.01,-0.01,0.05,-0.03,-0.04,0.04,0.01,0.02,0.00,-0.13,0.01,0.03,0.03,0.05,0.00,0.00,0.00,0.15,0.00,0.00,0.00,0.00,0.00,0.00,0.00,0.00,0.00,0.00,0.00,0.00,0.00,0.00,0.00,0.00,0.00,0.00,,0.00,0.00,0.00,0.00,0.00,0.00,0.00,0.00,0.00,0.00,0.00,0.00,0.00,0.00,0.00,0.00,-0.115,0.00,0.00,0.00,0.0267,0.00,0.07,0.01,0.04,0.00,0.00,0.00,-0.17,0.00,0.00,0.00,0.00,0.00,0.00,0.00,0.00,0.00,0.00,0.00,,0.00,0.00,0.00,,0.00,0.00,0.00,,0.00,0.00,0.00,,0.00,0.00,0.00,,0.00,0.00,0.00
EPS Basic from Extraordinaries,,,,,,,,,,,,,,,,,,,,,,,,,,,,,,,,,,,,,,,,,,,,,,,,,,,,,,,,,,,,,,,,,0.00,0.00,0.00,0.00,0.00,0.00,0.00,0.00,0.00,0.00,0.00,0.00,0.00,0.00,0.00,0.00,,,,,,,,,,,,,,,,,,,,,,,,,0.00,,,,,,,,,,,,,,,,,,,,,,,,,,,,,,,,,,,,,,,
Normalized Basic EPS,0.0799,-0.0679,0.0323,0.11,-0.0101,-0.1162,0.08,0.03,-1.094,0.2683,0.1655,0.0537,0.4474,0.3161,0.4344,0.0715,0.3018,0.2522,0.2152,-0.4135,0.5681,0.3377,0.3515,0.3202,0.5298,0.3792,0.3814,0.4060,0.4668,0.3919,0.4052,0.3579,0.37,0.22,0.33,0.31,0.36,0.28,0.29,0.21,0.25,0.22,0.26,0.26,0.41,0.43,0.51,0.44,0.68,0.5166,0.5671,0.4973,0.5987,0.4762,0.4771,0.4484,0.4744,0.4475,0.4323,0.3567,0.5354,0.4102,0.3751,0.3362,0.3375,0.3660,0.3854,0.3053,0.3146,0.4166,0.4571,0.2554,0.4064,0.3344,0.3972,0.2670,0.3688,0.3278,0.3468,0.2664,0.3179,0.2765,0.2976,0.22,0.3239,0.2193,0.2400,0.1791,0.0646,0.1964,0.2107,0.1594,0.1940,0.1693,0.1789,0.1392,0.1662,0.1473,0.1583,0.1280,0.1702,0.1173,0.1380,0.0894,0.1037,0.1081,0.0563,0.0991,0.0811,0.0889,0.1067,0.0899,0.1054,0.0811,0.0985,0.0870,0.0996,0.0891,0.0914,0.0791,0.0876,0.0798,0.0835,0.08,,0.08,0.08,0.07,,0.07,0.07,0.03,,0.06,0.06,0.05,,0.05,0.06,0.05,,0.05,0.05,0.05
EPS Basic,0.06,-1.08,-0.01,0.41,0.07,-2.62,0.07,-0.14,-1.13,0.15,0.10,-0.01,0.40,0.22,0.30,-0.01,0.64,0.25,-0.13,-1.35,0.51,0.35,0.35,0.30,0.42,0.31,0.30,0.34,0.38,0.33,0.29,0.29,0.35,0.22,0.35,0.32,0.42,0.18,0.28,0.17,0.28,0.23,0.25,0.26,0.35,0.43,0.51,0.43,0.66,0.55,0.52,0.44,0.62,0.47,0.48,0.43,0.33,0.44,0.44,0.37,0.57,0.39,0.36,0.33,0.48,0.36,0.38,0.30,0.31,0.41,0.45,0.25,0.40,0.33,0.39,0.26,0.36,0.32,0.34,0.26,0.31,0.27,0.29,0.22,0.27,0.23,0.25,0.19,0.2333,0.21,0.22,0.17,0.2033,0.18,0.19,0.15,0.18,0.16,0.17,0.14,0.0717,0.13,0.15,0.10,0.15,0.12,0.14,0.12,0.13,0.11,0.12,0.10,-0.05,0.10,0.11,0.10,0.12,0.10,0.10,0.09,0.10,0.09,0.09,0.08,,0.08,0.08,0.07,,0.07,0.07,0.03,,0.06,0.06,0.05,,0.05,0.06,0.05,,0.05,0.05,0.05
EPS Diluted from Continuing Operations,0.07,-0.15,-0.03,0.11,0.08,-2.64,0.08,0.03,-1.15,0.16,0.12,0.01,0.39,0.23,0.36,0.03,0.26,0.19,0.17,-0.45,0.52,0.28,0.28,0.27,0.49,0.32,0.31,0.35,0.41,0.33,0.34,0.30,0.37,0.22,0.33,0.31,0.36,0.28,0.29,0.21,0.25,0.22,0.26,0.26,0.41,0.43,0.51,0.43,0.68,0.50,0.54,0.48,0.57,0.46,0.46,0.42,0.46,0.43,0.41,0.33,0.51,0.38,0.36,0.33,0.33,0.36,0.38,0.30,0.31,0.41,0.44,0.25,0.40,0.33,0.39,0.26,0.36,0.32,0.34,0.26,0.31,0.27,0.28,0.22,0.27,0.23,0.25,0.19,0.2333,0.20,0.22,0.17,0.20,0.18,0.19,0.15,0.18,0.16,0.17,0.14,0.1867,0.13,0.15,0.10,0.1183,0.12,0.07,0.11,0.09,0.11,0.12,0.10,0.12,0.10,0.11,0.10,0.12,0.10,0.10,0.09,0.10,0.09,0.09,0.08,,0.08,0.08,0.07,,0.07,0.07,0.03,,0.06,0.06,0.05,,0.05,0.06,0.05,,0.05,0.05,0.05
EPS Diluted from Discontinued Operations,-0.02,-0.93,0.03,0.29,-0.01,0.02,-0.01,-0.17,0.02,-0.01,-0.02,-0.03,0.00,-0.01,-0.06,-0.03,0.38,0.05,-0.30,-0.90,-0.02,0.07,0.07,0.02,-0.08,-0.03,-0.01,-0.01,-0.03,0.00,-0.05,-0.02,-0.02,0.00,0.02,0.00,0.06,-0.10,-0.01,-0.04,0.03,0.01,-0.01,0.00,-0.06,0.00,0.00,-0.01,-0.01,0.04,-0.03,-0.04,0.04,0.01,0.02,0.00,-0.14,0.01,0.03,0.03,0.05,0.00,0.00,0.00,0.14,0.00,0.00,0.00,0.00,0.00,0.00,0.00,0.00,0.00,0.00,0.00,0.00,0.00,0.00,0.00,0.00,0.00,0.00,,0.00,0.00,0.00,0.00,0.00,0.00,0.00,0.00,0.00,0.00,0.00,0.00,0.00,0.00,0.00,0.00,-0.115,0.00,0.00,0.00,0.0267,0.00,0.07,0.01,0.04,0.00,0.00,0.00,-0.17,0.00,0.00,0.00,0.00,0.00,0.00,0.00,0.00,0.00,0.00,0.00,,0.00,0.00,0.00,,0.00,0.00,0.00,,0.00,0.00,0.00,,0.00,0.00,0.00,,0.00,0.00,0.00
EPS Diluted from Extraordinaries,,,,,,,,,,,,,,,,,,,,,,,,,,,,,,,,,,,,,,,,,,,,,,,,,,,,,,,,,,,,,,,,,0.0001,-0.0371,0.00,-0.0215,0.0001,0.00,0.00,-0.1022,-0.0000,0.00,0.00,-0.0447,0.00,0.00,0.00,0.00,,,,,,,,,,,,,,,,,,,,,,,,,-0.0021,,,,,,,,,,,,,,,,,,,,,,,,,,,,,,,,,,,,,,,
Normalized Diluted EPS,0.0699,-0.0679,0.0323,0.11,-0.0101,-0.1162,0.08,0.03,-1.094,0.2675,0.165,0.0532,0.4368,0.3051,0.4343,0.0711,0.3006,0.2518,0.2149,-0.4135,0.5579,0.3372,0.3410,0.3198,0.5296,0.3788,0.3710,0.4057,0.4665,0.3917,0.3950,0.3577,0.37,0.22,0.33,0.31,0.36,0.28,0.29,0.21,0.25,0.22,0.26,0.26,0.41,0.43,0.51,0.43,0.68,0.5165,0.5570,0.4973,0.5886,0.4762,0.4770,0.4384,0.4743,0.4474,0.4322,0.3467,0.5254,0.4002,0.3750,0.3362,0.3375,0.3660,0.3854,0.3053,0.3145,0.4165,0.4471,0.2553,0.4063,0.3344,0.3971,0.2669,0.3687,0.3277,0.3467,0.2663,0.3178,0.2764,0.2874,0.22,0.3239,0.2193,0.2400,0.1791,0.0646,0.1871,0.2107,0.1594,0.1907,0.1693,0.1789,0.1392,0.1662,0.1473,0.1583,0.1280,0.1702,0.1173,0.1380,0.0894,0.1052,0.1081,0.0563,0.0991,0.0811,0.0889,0.1067,0.0899,0.1054,0.0811,0.0985,0.0870,0.0996,0.0891,0.0914,0.0791,0.0876,0.0798,0.0835,0.08,,0.08,0.08,0.07,,0.07,0.07,0.03,,0.06,0.06,0.05,,0.05,0.06,0.05,,0.05,0.05,0.05
EPS Diluted,0.06,-1.08,-0.01,0.40,0.07,-2.62,0.07,-0.14,-1.13,0.15,0.10,-0.01,0.39,0.22,0.30,-0.01,0.64,0.25,-0.13,-1.35,0.51,0.35,0.35,0.30,0.41,0.31,0.30,0.34,0.38,0.33,0.29,0.29,0.35,0.22,0.35,0.31,0.42,0.18,0.28,0.17,0.28,0.23,0.25,0.26,0.35,0.43,0.51,0.43,0.66,0.54,0.52,0.44,0.62,0.47,0.48,0.42,0.32,0.44,0.44,0.37,0.56,0.38,0.36,0.33,0.47,0.36,0.38,0.30,0.31,0.41,0.44,0.25,0.40,0.33,0.39,0.26,0.36,0.32,0.34,0.26,0.31,0.27,0.28,0.22,0.27,0.23,0.25,0.19,0.2333,0.20,0.22,0.17,0.20,0.18,0.19,0.15,0.18,0.16,0.17,0.14,0.0717,0.13,0.15,0.10,0.15,0.12,0.14,0.12,0.13,0.11,0.12,0.10,-0.05,0.10,0.11,0.10,0.12,0.10,0.10,0.09,0.10,0.09,0.09,0.08,,0.08,0.08,0.07,,0.07,0.07,0.03,,0.06,0.06,0.05,,0.05,0.06,0.05,,0.05,0.05,0.05
Average Basic Shares Outstanding,8.706B,8.721B,8.724B,8.711B,8.682B,8.689B,8.688B,8.683B,8.681B,8.665B,8.671B,8.714B,8.812B,8.904B,9.179B,9.288B,9.521B,10.10B,10.09B,10.07B,10.05B,10.04B,10.03B,10.04B,10.44B,10.26B,10.26B,10.37B,10.44B,10.52B,10.57B,10.58B,10.58B,10.58B,10.60B,10.61B,10.63B,10.67B,10.68B,10.67B,10.65B,10.64B,10.61B,10.56B,10.42B,9.953B,9.958B,9.978B,10.04B,10.18B,10.27B,10.28B,10.30B,10.32B,10.36B,10.44B,10.51B,10.58B,10.60B,10.60B,10.54B,10.57B,10.39B,10.14B,10.06B,10.03B,10.01B,9.983B,9.965B,9.951B,9.942B,9.931B,9.923B,9.933B,9.936B,9.934B,9.924B,9.906B,9.892B,9.87B,9.848B,9.839B,9.83B,9.817B,10.00B,9.930B,9.80B,9.953B,10.04B,9.590B,9.827B,9.865B,10.94B,9.933B,10.04B,10.11B,10.36B,10.06B,10.15B,9.80B,10.56B,10.52B,10.15B,10.68B,9.458B,10.05B,9.529B,9.667B,10.32B,10.09B,10.13B,10.58B,9.857B,10.42B,10.28B,9.99B,10.28B,10.26B,10.88B,10.56B,11.85B,10.50B,10.80B,10.85B,10.84B,10.85B,10.85B,11.00B,10.85B,10.98B,10.95B,10.98B,10.95B,10.97B,10.95B,10.95B,10.95B,10.95B,10.93B,10.93B,10.93B,10.88B,10.88B,10.88B
Average Diluted Shares Outstanding,8.706B,8.721B,8.724B,8.726B,8.682B,8.689B,8.699B,8.696B,8.681B,8.732B,8.76B,8.811B,8.917B,9.016B,9.187B,9.383B,9.809B,10.17B,10.16B,10.07B,10.13B,10.12B,10.11B,10.12B,10.49B,10.33B,10.33B,10.43B,10.49B,10.57B,10.61B,10.61B,10.60B,10.61B,10.64B,10.64B,10.70B,10.67B,10.70B,10.67B,10.66B,10.64B,10.61B,10.56B,10.42B,9.97B,9.958B,10.01B,10.07B,10.22B,10.30B,10.32B,10.33B,10.35B,10.40B,10.44B,10.54B,10.62B,10.65B,10.60B,10.59B,10.61B,10.43B,10.19B,10.10B,10.08B,10.07B,10.04B,10.03B,10.02B,10.03B,10.03B,10.03B,10.04B,10.06B,10.07B,10.08B,10.07B,10.06B,10.03B,10.01B,9.999B,9.992B,9.982B,10.00B,9.930B,9.80B,9.953B,10.04B,10.07B,9.827B,9.865B,10.94B,9.933B,10.04B,10.11B,10.36B,10.06B,10.15B,9.80B,10.56B,10.52B,10.15B,10.68B,10.51B,10.05B,9.529B,9.667B,10.32B,10.09B,10.13B,10.58B,9.857B,10.42B,10.28B,9.99B,10.28B,10.26B,10.88B,10.56B,11.85B,10.50B,10.80B,10.85B,10.84B,10.85B,10.85B,11.00B,10.85B,10.98B,10.95B,10.98B,10.95B,10.97B,10.95B,10.95B,10.95B,10.95B,10.93B,10.93B,10.93B,10.88B,10.88B,10.88B
Dividend Per Share,0.01,0.01,0.01,0.01,0.01,0.12,0.12,0.12,0.12,0.24,0.24,0.24,0.24,0.23,0.23,0.23,0.23,0.23,0.23,0.23,0.23,0.22,0.22,0.22,0.22,0.19,0.19,0.19,0.19,0.17,0.17,0.17,0.17,0.15,0.15,0.14,0.14,0.12,0.10,0.10,0.10,0.10,0.10,0.31,0.31,0.31,0.31,0.31,0.31,0.28,0.28,0.28,0.28,0.25,0.25,0.25,0.25,0.22,0.22,0.22,0.22,0.20,0.20,0.20,0.20,0.19,0.19,0.19,0.19,0.18,0.18,0.18,0.18,0.16,0.16,0.16,0.16,0.1367,0.1367,0.1367,0.1367,0.1167,0.1167,0.1167,0.1167,0.10,0.10,0.10,0.10,0.0867,0.0867,0.0867,0.0867,0.0767,0.0767,0.0767,0.0767,0.0683,0.0683,0.0683,0.0683,0.0599,0.0599,0.0599,0.0599,0.0524,0.0524,0.0524,0.0524,0.0491,0.0458,0.0458,0.0458,0.0425,0.0425,0.0425,0.0425,0.0391,0.0391,0.0391,0.0391,0.0341,0.0341,0.0341,0.0341,0.0291,0.0291,0.0291,0.0291,0.0275,0.0275,0.0262,0.0262,0.0241,0.0241,0.0241,0.0241,,,,,,,
As Originally Reported,AOR,AOR,AOR,AOR,AOR,AOR,AOR,AOR,AOR,AOR,AOR,AOR,AOR,AOR,AOR,AOR,AOR,AOR,AOR,AOR,AOR,AOR,AOR,AOR,AOR,AOR,AOR,AOR,AOR,AOR,AOR,AOR,AOR,AOR,AOR,AOR,AOR,AOR,AOR,AOR,AOR,AOR,AOR,AOR,AOR,AOR,AOR,AOR,AOR,AOR,AOR,AOR,AOR,AOR,AOR,AOR,AOR,AOR,AOR,AOR,AOR,AOR,AOR,AOR,AOR,AOR,AOR,AOR,AOR,AOR,AOR,AOR,AOR,AOR,AOR,AOR,AOR,AOR,AOR,AOR,,,,,,,,,,,,,,,,,,,,,,,,,,,,,,,,,,,,,,,,,,,,,,,,,,,,,,,,,,,,,,,,
Restated,,,,,Restated,Restated,Restated,Restated,Restated,Restated,Restated,Restated,Restated,Restated,Restated,Restated,Restated,Restated,Restated,Restated,Restated,Restated,Restated,Restated,Restated,Restated,Restated,Restated,Restated,Restated,Restated,Restated,Restated,Restated,Restated,Restated,Restated,Restated,Restated,Restated,Restated,Restated,Restated,Restated,Restated,Restated,Restated,Restated,Restated,Restated,Restated,Restated,Restated,Restated,Restated,Restated,Restated,Restated,Restated,Restated,Restated,Restated,Restated,Restated,Restated,Restated,Restated,Restated,Restated,Restated,Restated,Restated,Restated,Restated,Restated,Restated,Restated,Restated,Restated,Restated,Restated,Restated,Restated,Restated,Restated,,,,,,,,,,,,,,,,,,,,,,,,,,,,,,,,,,,,,,,,,,,,,,,,,,,,,,,,,,,
