Income (Quarterly),2019-12,2019-09,2019-06,2019-03,2018-12,2018-09,2018-06,2018-03,2017-12,2017-09,2017-06,2017-03,2016-12,2016-09,2016-06,2016-03,2015-12,2015-09,2015-06,2015-03,2014-12,2014-09,2014-06,2014-03,2013-12,2013-09,2013-06,2013-03,2012-12,2012-09,2012-06,2012-03,2011-12,2011-09,2011-06,2011-03,2010-12,2010-09,2010-06,2010-03,2009-12,2009-09,2009-06,2009-03,2008-12,2008-09,2008-06,2008-03,2007-12,2007-09,2007-06,2007-03,2006-12,2006-09,2006-06,2006-03,2005-12,2005-09,2005-06,2005-03,2004-12,2004-09,2004-06,2004-03,2003-12,2003-09,2003-06,2003-03,2002-12,2002-09,2002-06,2002-03,2001-12,2001-09,2001-06,2001-03,2000-12,2000-09,2000-06,2000-03,1999-12,1999-09,1999-06,1999-03,1998-12,1998-09,1998-06,1998-03,1997-12,1997-09,1997-06,1997-03,1996-12,1996-09,1996-06,1996-03,1995-12,1995-09,1995-06,1995-03,1994-12,1994-09,1994-06,1994-03,1993-12,1993-09,1993-06,1993-03,1992-12,1992-09,1992-06,1992-03,1991-12,1991-09,1991-06,1991-03,1990-12,1990-09,1990-06,1990-03,1989-12,1989-09,1989-06,1989-03,1988-12,1988-09,1988-06,1988-03,1987-12,1987-09,1987-06,1987-03,1986-12,1986-09,1986-06,1986-03,1985-12,1985-09,1985-06,1985-03,1984-12,1984-09,1984-06,1984-03
Operating Revenue,5.357B,5.272B,5.531B,4.787B,5.363B,5.237B,5.402B,4.627B,4.939B,4.986B,5.423B,4.588B,5.139B,4.711B,4.95B,4.44B,4.598B,4.76B,4.898B,4.222B,4.456B,4.609B,4.796B,3.973B,4.238B,4.347B,4.423B,3.877B,3.981B,4.096B,4.389B,3.788B,3.343B,4.311B,4.136B,3.103B,2.624B,3.192B,3.168B,2.63B,2.712B,2.666B,2.616B,2.357B,2.734B,2.891B,2.869B,2.53B,2.492B,2.588B,2.583B,2.198B,2.276B,2.342B,2.449B,2.019B,1.988B,1.989B,1.944B,1.663B,1.655B,1.674B,1.716B,1.484B,1.517B,1.553B,1.515B,1.351B,1.401B,1.391B,1.473B,1.257B,1.238B,1.335B,1.554B,1.429B,1.468B,1.479B,1.461B,1.243B,1.204B,1.235B,1.220B,1.076B,1.048B,1.095B,1.079B,942.60M,975.60M,997.20M,956.90M,887.10M,831.80M,891.50M,910.30M,772.50M,748.60M,765.00M,738.20M,621.00M,626.10M,685.30M,661.10M,619.40M,768.10M,554.40M,520.50M,453.80M,447.20M,447.30M,416.80M,373.90M,350.90M,355.30M,324.70M,282.80M,301.60M,316.40M,308.20M,260.60M,255.70M,266.40M,263.60M,229.40M,225.80M,239.10M,216.90M,178.60M,180.70M,200.70M,205.30M,178.40M,181.10M,207.60M,193.90M,173.30M,178.70M,199.50M,169.80M,135.70M,133.50M,139.80M,137.60M,125.10M
Revenue,5.73B,5.639B,5.909B,5.149B,5.704B,5.575B,5.742B,4.944B,5.258B,5.303B,5.731B,4.854B,4.939B,5.139B,5.384B,4.826B,4.977B,5.318B,5.111B,4.414B,4.628B,4.80B,5.011B,4.166B,4.428B,4.545B,4.643B,4.084B,4.173B,4.309B,4.616B,3.991B,4.108B,4.311B,4.136B,3.103B,3.114B,3.192B,3.168B,2.63B,2.712B,2.666B,2.616B,2.357B,2.734B,2.891B,2.869B,2.53B,2.492B,2.588B,2.583B,2.198B,2.276B,2.342B,2.449B,2.019B,1.988B,1.989B,1.944B,1.663B,1.655B,1.674B,1.716B,1.484B,1.517B,1.553B,1.515B,1.351B,1.401B,1.391B,1.473B,1.257B,1.238B,1.335B,1.554B,1.429B,1.468B,1.479B,1.461B,1.243B,1.205B,1.235B,1.220B,1.076B,1.048B,1.095B,1.079B,942.60M,975.52M,997.20M,956.90M,887.10M,831.87M,891.50M,910.30M,772.50M,748.60M,765.00M,738.20M,621.00M,626.10M,685.30M,661.10M,619.40M,768.10M,554.40M,520.50M,453.80M,447.20M,447.30M,416.80M,373.90M,350.90M,355.30M,324.70M,282.80M,301.60M,316.40M,308.20M,260.60M,255.70M,266.40M,263.60M,229.40M,225.80M,239.10M,216.90M,178.60M,180.70M,200.70M,205.30M,178.40M,181.10M,207.60M,193.90M,173.30M,178.70M,199.50M,169.80M,135.70M,133.50M,139.80M,137.60M,125.10M
Cost of Goods Sold,4.299B,4.058B,4.173B,3.914B,4.128B,4.038B,4.039B,3.703B,3.825B,3.717B,3.789B,3.56B,3.483B,3.786B,3.489B,3.304B,3.334B,3.515B,3.46B,3.114B,3.383B,3.595B,3.665B,3.407B,3.452B,3.595B,3.665B,3.50B,3.533B,3.604B,3.642B,3.466B,7.166B,2.205B,2.099B,1.484B,5.712B,1.375B,1.378B,1.224B,2.537B,771.00M,690.00M,671.00M,912.00M,1.036B,939.00M,734.00M,847.00M,637.00M,581.00M,,,,,,,,,,,,,894.00M,,847.00M,817.00M,,822.00M,819.00M,817.00M,779.00M,,800.99M,806.62M,780.91M,,747.94M,728.04M,716.20M,673.90M,662.30M,608.40M,576.90M,556.80M,561.90M,558.80M,543.40M,559.10M,565.10M,531.80M,548.00M,549.60M,547.80M,517.60M,492.30M,469.40M,442.70M,429.60M,406.10M,404.00M,388.50M,368.50M,298.40M,402.60M,245.80M,234.50M,215.80M,207.50M,208.80M,198.10M,178.70M,176.70M,172.90M,165.20M,160.50M,179.60M,147.70M,135.30M,133.40M,130.90M,121.80M,125.50M,104.50M,,,,,,,,,,,,,,,,,,,,
Gross Profit,1.431B,1.581B,1.736B,1.235B,1.576B,1.537B,1.703B,1.241B,1.433B,1.586B,1.942B,1.294B,1.456B,1.353B,1.895B,1.522B,1.643B,1.803B,1.651B,1.30B,1.245B,1.205B,1.346B,759.00M,976.00M,950.00M,978.00M,584.00M,640.00M,705.00M,974.00M,525.00M,-3.058B,2.106B,2.037B,1.619B,-2.598B,1.817B,1.79B,1.406B,175.00M,1.895B,1.926B,1.686B,1.822B,1.855B,1.93B,1.796B,1.645B,1.951B,2.002B,,,,,,,,,,,,,590.00M,,706.00M,698.00M,,579.00M,572.00M,656.00M,478.00M,,534.13M,747.17M,647.71M,,730.89M,732.63M,526.44M,530.90M,572.90M,612.03M,498.67M,490.88M,533.00M,520.00M,399.20M,416.42M,432.10M,425.10M,339.10M,282.27M,343.70M,392.70M,280.20M,279.20M,322.30M,308.60M,214.90M,222.10M,296.80M,292.60M,321.00M,365.50M,308.60M,286.00M,238.00M,239.70M,238.50M,218.70M,195.20M,174.20M,182.40M,159.50M,122.30M,122.00M,168.70M,172.90M,127.20M,124.80M,144.60M,138.10M,124.90M,,,,,,,,,,,,,,,,,,,,
Sales and Marketing Expense,,,,,,,,,,,,,,,,,,,,,,,,,,,,,,,,,,,,,,,,,,,,,,,,,,,,,,,,,,,,,,,,,,11.00M,13.00M,,13.00M,12.00M,15.00M,14.00M,,23.24M,30.08M,30.49M,,41.52M,41.31M,37.22M,37.90M,39.20M,40.20M,39.10M,37.70M,40.10M,41.50M,38.40M,39.60M,39.90M,40.60M,37.10M,34.40M,37.10M,37.60M,31.80M,31.00M,31.60M,31.20M,29.50M,47.90M,33.70M,35.10M,,,,,,,,,,,,,,,,,,,,,,,,,,,,,,,,,,,,,,,,,
General and Administrative Expense,,,,,,,,,,,,,,,,,,,,,,,,,,,,,,,,,,1.668B,1.596B,1.333B,,938.00M,1.273B,1.198B,861.00M,909.00M,863.00M,836.00M,846.00M,856.00M,839.00M,800.00M,800.00M,832.00M,814.00M,,,,,,,,,,,,,737.00M,,706.00M,737.00M,,679.00M,667.00M,666.00M,621.00M,,637.79M,628.16M,595.99M,,597.33M,618.87M,533.07M,553.90M,566.20M,559.60M,530.00M,354.14M,522.20M,508.20M,476.00M,319.04M,475.20M,465.80M,439.40M,417.70M,426.20M,424.60M,391.40M,368.90M,372.80M,361.20M,341.50M,363.70M,333.80M,328.20M,,,,,,,,,,,,,,,,,,,,,,,,,,,,,,,,,,,,,,,,,
SG&A Expense,,,,,,,,,,,,,,,,,,,,,,,,,,,,,,,,,,1.668B,1.596B,1.333B,,938.00M,1.273B,1.198B,861.00M,909.00M,863.00M,836.00M,846.00M,856.00M,839.00M,800.00M,800.00M,832.00M,814.00M,,,,,,,,,,,,622.00M,737.00M,,695.00M,724.00M,516.00M,666.00M,655.00M,651.00M,607.00M,17.59M,614.55M,598.08M,565.49M,,555.81M,577.56M,495.86M,516.00M,527.00M,519.40M,490.90M,316.44M,482.10M,466.70M,437.60M,279.44M,435.30M,425.20M,402.30M,383.30M,389.10M,387.00M,359.60M,337.90M,341.20M,330.00M,312.00M,315.80M,300.10M,293.10M,212.50M,243.60M,192.30M,183.70M,167.20M,160.30M,157.50M,148.70M,141.70M,129.00M,129.50M,118.10M,112.50M,105.90M,111.90M,111.80M,99.90M,91.40M,93.40M,91.60M,86.10M,,,,,,,,,,,,,,,,,,,,
Income Statement Depreciation,,,,,,,,,,,,,,,,,,,,,,,,,,,,,,,,,,,,,,,,,,,,,,,,,,,,,,,,,121.00M,121.00M,116.00M,112.00M,,,,103.00M,,97.00M,95.00M,,93.00M,92.00M,86.00M,85.00M,80.20M,81.72M,78.21M,77.69M,,71.51M,68.52M,66.70M,82.30M,63.80M,59.50M,56.80M,59.61M,59.60M,54.00M,52.00M,49.77M,49.90M,47.50M,48.40M,47.17M,46.20M,46.10M,44.00M,35.40M,38.80M,38.20M,37.30M,20.30M,36.30M,33.80M,32.50M,36.10M,29.50M,27.50M,26.20M,27.10M,27.10M,24.60M,22.30M,23.40M,21.70M,20.90M,20.30M,20.30M,20.10M,19.80M,19.10M,19.00M,18.60M,17.80M,16.90M,,,,,,,,,,,,,,,,,,,,
Rent and Landing Expense,,,,,,,,,,,,,,,,,,,,,,,,,,,,,,,,,,,,,,,,,,239.00M,226.00M,211.00M,204.00M,205.00M,197.00M,209.00M,178.00M,183.00M,180.00M,,,,,,,,,,,,,148.00M,,141.00M,137.00M,,134.00M,133.00M,135.00M,131.00M,,127.56M,125.04M,118.06M,,119.03M,114.00M,114.37M,111.00M,112.30M,110.60M,107.80M,105.00M,106.30M,104.70M,101.00M,102.00M,102.40M,102.00M,99.40M,99.40M,97.20M,91.30M,90.40M,83.30M,86.00M,81.50M,78.90M,75.50M,70.60M,68.10M,,,,,,,,,,,,,,,,,,,,,,,,,,,,,,,,,,,,,,,,,
Special Income and Charges,,,,,,,,,,,,,,,,,-7.00M,-6.00M,-3.00M,-23.00M,-48.00M,-23.00M,-38.00M,-18.00M,-20.00M,-28.00M,-26.00M,-13.00M,-15.00M,-145.00M,-11.00M,-13.00M,314.00M,-427.00M,55.00M,-76.00M,131.00M,12.00M,-146.00M,-4.00M,56.00M,-2.00M,23.00M,-23.00M,-130.00M,-269.00M,345.00M,-38.00M,71.00M,32.00M,120.00M,-49.00M,79.00M,192.00M,-100.00M,18.00M,45.00M,-76.00M,40.00M,12.00M,50.00M,26.00M,35.00M,20.00M,,-7.00M,265.00M,,-9.00M,46.00M,-7.00M,-2.00M,,150.83M,2.813M,-5.525M,,6.819M,10.62M,11.14M,-0.20M,-0.10M,-0.40M,-9.60M,4.50M,6.00M,6.60M,4.00M,20.86M,-0.10M,-0.20M,-1.00M,40.44M,-0.50M,1.60M,1.30M,0.50M,0.10M,-1.50M,0.10M,0.60M,0.10M,0.10M,2.00M,3.00M,0.50M,2.00M,2.90M,2.00M,1.90M,3.00M,1.00M,2.50M,2.70M,2.10M,2.10M,1.10M,4.30M,1.00M,4.60M,3.90M,11.20M,7.10M,14.40M,,,,,,,,,,,,,,,,,,,,
Operating Interest Expense,19.00M,20.00M,22.00M,22.00M,23.00M,24.00M,23.00M,22.00M,19.00M,13.00M,14.00M,18.00M,16.00M,19.00M,21.00M,19.00M,21.00M,22.00M,22.00M,26.00M,28.00M,25.00M,28.00M,26.00M,27.00M,31.00M,25.00M,24.00M,30.00M,30.00M,32.00M,35.00M,47.00M,47.00M,49.00M,40.00M,38.00M,38.00M,37.00M,36.00M,41.00M,43.00M,47.00M,38.00M,30.00M,29.00M,26.00M,28.00M,33.00M,28.00M,29.00M,,,,,,,,,,,,,,,,,,,,,,,,,,,,,,,,,,,,,,,,,,,,,,,,,,,,,,,,,,,,,,,,,,,,,,,,,,,,,,,,,,,,,,,,,,,,,
Operating Interest Income,20.00M,23.00M,24.00M,23.00M,22.00M,20.00M,15.00M,12.00M,11.00M,9.00M,8.00M,7.00M,7.00M,6.00M,6.00M,5.00M,4.00M,2.00M,2.00M,1.00M,2.00M,2.00M,2.00M,2.00M,1.00M,1.00M,2.00M,2.00M,2.00M,2.00M,2.00M,2.00M,2.00M,1.00M,4.00M,3.00M,3.00M,2.00M,4.00M,3.00M,2.00M,3.00M,8.00M,4.00M,8.00M,7.00M,5.00M,15.00M,19.00M,22.00M,28.00M,,,,,,,,,,,,,,,,,,,,,,,,,,,,,,,,,,,,,,,,,,,,,,,,,,,,,,,,,,,,,,,,,,,,,,,,,,,,,,,,,,,,,,,,,,,,,
Net Operating Interest Income,1.00M,3.00M,2.00M,1.00M,-1.00M,-4.00M,-8.00M,-10.00M,-8.00M,-4.00M,-6.00M,-11.00M,-9.00M,-13.00M,-15.00M,-14.00M,-17.00M,-20.00M,-20.00M,-25.00M,-26.00M,-23.00M,-26.00M,-24.00M,-26.00M,-30.00M,-23.00M,-22.00M,-28.00M,-28.00M,-30.00M,-33.00M,-45.00M,-46.00M,-45.00M,-37.00M,-35.00M,-36.00M,-33.00M,-33.00M,-39.00M,-40.00M,-39.00M,-34.00M,-22.00M,-22.00M,-21.00M,-13.00M,-14.00M,-6.00M,-1.00M,,,,,,,,,,,,,,,,,,,,,,,,,,,,,,,,,,,,,,,,,,,,,,,,,,,,,,,,,,,,,,,,,,,,,,,,,,,,,,,,,,,,,,,,,,,,,
Other Operating Expenses,766.00M,762.00M,768.00M,730.00M,756.00M,739.00M,731.00M,625.00M,693.00M,741.00M,727.00M,688.00M,849.00M,658.00M,619.00M,578.00M,610.00M,572.00M,563.00M,497.00M,577.00M,568.00M,533.00M,526.00M,571.00M,532.00M,519.00M,501.00M,534.00M,509.00M,503.00M,490.00M,,,,,396.00M,362.00M,,,347.00M,324.00M,338.00M,328.00M,345.00M,351.00M,344.00M,345.00M,218.00M,362.00M,363.00M,1.979B,1.968B,1.95B,1.92B,1.797B,3.783B,1.62B,1.572B,1.47B,-1.022B,1.375B,790.00M,746.00M,,717.00M,693.00M,696.00M,2.021B,251.00M,257.00M,250.00M,2.017B,250.44M,711.67M,693.34M,,670.44M,614.04M,639.05M,1.500B,195.10M,199.10M,186.10M,1.447B,175.30M,178.20M,168.40M,1.480B,168.80M,154.20M,157.90M,1.277B,156.60M,152.50M,145.40M,143.90M,123.00M,125.10M,113.40M,116.10M,116.30M,115.10M,,,,,,,,,,,,,,,,,,,,,,,,,,,,,,,,,,,,,,,,,
Total Operating Expenses,766.00M,762.00M,768.00M,730.00M,756.00M,739.00M,731.00M,625.00M,693.00M,741.00M,727.00M,688.00M,849.00M,658.00M,619.00M,578.00M,610.00M,572.00M,563.00M,497.00M,577.00M,568.00M,533.00M,526.00M,571.00M,532.00M,519.00M,501.00M,534.00M,509.00M,503.00M,490.00M,-3.242B,1.859B,1.772B,1.488B,-2.821B,1.461B,1.427B,1.352B,1.362B,1.395B,1.351B,1.314B,1.345B,1.359B,1.331B,1.29B,1.162B,1.334B,1.314B,2.114B,2.102B,2.081B,2.047B,1.921B,1.382B,1.741B,1.688B,1.582B,2.123B,1.483B,1.519B,1.586B,1.097B,1.509B,1.512B,1.305B,2.78B,998.00M,994.00M,942.00M,2.115B,946.70M,1.388B,1.337B,868.52M,1.298B,1.260B,1.202B,2.098B,785.90M,778.00M,733.80M,1.823B,717.00M,698.90M,658.00M,1.809B,654.00M,626.90M,608.60M,1.707B,591.90M,585.60M,549.00M,517.20M,503.00M,493.30M,462.70M,452.20M,452.70M,442.00M,245.00M,279.70M,221.80M,211.20M,193.40M,187.40M,184.60M,173.30M,164.00M,152.40M,151.20M,139.00M,132.80M,126.20M,132.00M,131.60M,119.00M,110.40M,112.00M,109.40M,103.00M,,,,,,,,,,,,,,,,,,,,
Operating Income,665.00M,819.00M,968.00M,505.00M,820.00M,798.00M,972.00M,616.00M,740.00M,845.00M,1.215B,606.00M,607.00M,695.00M,1.276B,944.00M,1.033B,1.231B,1.088B,803.00M,668.00M,637.00M,813.00M,233.00M,405.00M,418.00M,459.00M,83.00M,106.00M,196.00M,471.00M,35.00M,184.00M,247.00M,265.00M,131.00M,223.00M,356.00M,363.00M,54.00M,-1.187B,500.00M,575.00M,372.00M,477.00M,496.00M,599.00M,506.00M,483.00M,617.00M,688.00M,84.00M,174.00M,261.00M,402.00M,98.00M,3.679B,248.00M,256.00M,81.00M,-4.155B,191.00M,197.00M,-996.00M,2.903B,-803.00M,-814.00M,46.00M,-2.201B,-426.00M,-338.00M,-464.00M,1.511B,-412.57M,-640.79M,-688.81M,2.792B,-566.86M,-527.49M,-675.16M,-1.567B,-213.00M,-165.97M,-235.13M,-1.333B,-184.00M,-178.90M,-258.80M,-1.392B,-221.90M,-201.80M,-269.50M,-1.425B,-248.20M,-192.90M,-268.80M,-238.00M,-180.70M,-184.70M,-247.80M,-230.10M,-155.90M,-149.40M,76.00M,85.80M,86.80M,74.80M,44.60M,52.30M,53.90M,45.40M,31.20M,21.80M,31.20M,20.50M,-10.50M,-4.20M,36.70M,41.30M,8.20M,14.40M,32.60M,28.70M,21.90M,-548.70M,239.10M,216.90M,178.60M,-567.20M,200.70M,205.30M,178.40M,-498.70M,207.60M,193.90M,173.30M,-422.40M,199.50M,169.80M,135.70M,-333.90M,139.80M,137.60M,125.10M
Non-Operating Interest Income,20.00M,23.00M,24.00M,23.00M,22.00M,20.00M,15.00M,12.00M,11.00M,9.00M,8.00M,7.00M,7.00M,6.00M,6.00M,5.00M,4.00M,2.00M,2.00M,1.00M,2.00M,2.00M,2.00M,2.00M,1.00M,1.00M,2.00M,2.00M,2.00M,2.00M,2.00M,2.00M,2.00M,1.00M,4.00M,3.00M,3.00M,2.00M,4.00M,3.00M,2.00M,3.00M,8.00M,4.00M,8.00M,7.00M,5.00M,15.00M,19.00M,22.00M,28.00M,,,,,,,,,,,,,,,,,,,,,,,,,,,,,,,,,,,,,,,,,,,,,,,,,,,,,,,,,,,,,,,,,,,,,,,,,,,,,,,,,,,,,,,,,,,,,
Non-Operating Interest Expense,19.00M,20.00M,22.00M,22.00M,23.00M,24.00M,23.00M,22.00M,19.00M,13.00M,14.00M,18.00M,16.00M,19.00M,21.00M,19.00M,21.00M,22.00M,22.00M,26.00M,28.00M,25.00M,28.00M,26.00M,27.00M,31.00M,25.00M,24.00M,30.00M,30.00M,32.00M,35.00M,47.00M,47.00M,49.00M,40.00M,38.00M,38.00M,37.00M,36.00M,41.00M,43.00M,47.00M,38.00M,30.00M,29.00M,26.00M,28.00M,33.00M,28.00M,29.00M,,,,,,,,,,,,,,,,,,,,,,,,,,,,,,,,,,,,,,,,,,,,,,,,,,,,,,,,,,,,,,,,,,,,,,,,,,,,,,,,,,,,,,,,,,,,,
Net Non-Operating Interest Income Expense,1.00M,3.00M,2.00M,1.00M,-1.00M,-4.00M,-8.00M,-10.00M,-8.00M,-4.00M,-6.00M,-11.00M,-9.00M,-13.00M,-15.00M,-14.00M,-17.00M,-20.00M,-20.00M,-25.00M,-26.00M,-23.00M,-26.00M,-24.00M,-26.00M,-30.00M,-23.00M,-22.00M,-28.00M,-28.00M,-30.00M,-33.00M,-45.00M,-46.00M,-45.00M,-37.00M,-35.00M,-36.00M,-33.00M,-33.00M,-39.00M,-40.00M,-39.00M,-34.00M,-22.00M,-22.00M,-21.00M,-13.00M,-14.00M,-6.00M,-1.00M,,,,,,,,,,,,,,,,,,,,,,,,,,,,,,,,,,,,,,,,,,,,,,,,,,,,,,,,,,,,,,,,,,,,,,,,,,,,,,,,,,,,,,,,,,,,,
Other Income and Expenses,0.00,-3.00M,-2.00M,-2.00M,-2.00M,-8.00M,-4.00M,-4.00M,3.00M,-9.00M,-44.00M,-63.00M,114.00M,-64.00M,43.00M,-114.00M,-169.00M,-278.00M,-91.00M,-55.00M,-341.00M,-89.00M,-41.00M,35.00M,-46.00M,31.00M,-73.00M,33.00M,47.00M,-135.00M,-73.00M,157.00M,116.00M,-427.00M,55.00M,-76.00M,25.00M,12.00M,-146.00M,-4.00M,56.00M,-2.00M,23.00M,-23.00M,-130.00M,-269.00M,345.00M,-38.00M,71.00M,32.00M,120.00M,-49.00M,79.00M,192.00M,-100.00M,18.00M,45.00M,-76.00M,40.00M,12.00M,50.00M,26.00M,35.00M,20.00M,,-7.00M,265.00M,,-9.00M,46.00M,-7.00M,-2.00M,,150.83M,2.813M,-5.525M,,6.819M,10.62M,11.14M,-0.20M,-0.10M,-0.40M,-9.60M,4.50M,6.00M,6.60M,4.00M,20.86M,-0.10M,-0.20M,-1.00M,40.44M,-0.50M,1.60M,1.30M,0.50M,0.10M,-1.50M,0.10M,0.60M,0.10M,0.10M,2.00M,3.00M,0.50M,2.00M,2.90M,2.00M,1.90M,3.00M,1.00M,2.50M,2.70M,2.10M,2.10M,1.10M,4.30M,1.00M,4.60M,3.90M,11.20M,7.10M,14.40M,,,,,,,,,,,,,,,,,,,,
Net Interest Income,1.00M,3.00M,2.00M,1.00M,-1.00M,-4.00M,-8.00M,-10.00M,-8.00M,-4.00M,-6.00M,-11.00M,-9.00M,-13.00M,-15.00M,-14.00M,-17.00M,-20.00M,-20.00M,-25.00M,-26.00M,-23.00M,-26.00M,-24.00M,-26.00M,-30.00M,-23.00M,-22.00M,-28.00M,-28.00M,-30.00M,-33.00M,-45.00M,-46.00M,-45.00M,-37.00M,-35.00M,-36.00M,-33.00M,-33.00M,-39.00M,-40.00M,-39.00M,-34.00M,-22.00M,-22.00M,-21.00M,-13.00M,-14.00M,-6.00M,-1.00M,,,,,,,,,,,,,,,,,,,,,,,,,,,,,,,,,,,,,,,,,,,,,,,,,,,,,,,,,,,,,,,,,,,,,,,,,,,,,,,,,,,,,,,,,,,,,
Pre-Tax Income,666.00M,819.00M,968.00M,504.00M,817.00M,786.00M,960.00M,602.00M,735.00M,832.00M,1.165B,532.00M,712.00M,618.00M,1.304B,816.00M,847.00M,933.00M,977.00M,723.00M,301.00M,525.00M,746.00M,244.00M,333.00M,419.00M,363.00M,94.00M,125.00M,33.00M,368.00M,159.00M,255.00M,-226.00M,275.00M,18.00M,213.00M,332.00M,184.00M,17.00M,184.00M,-20.00M,107.00M,-107.00M,-83.00M,-205.00M,529.00M,37.00M,184.00M,277.00M,447.00M,149.00M,101.00M,78.00M,515.00M,96.00M,112.00M,343.00M,235.00M,89.00M,88.00M,181.00M,179.00M,41.00M,-3.00M,171.00M,397.00M,39.00M,-12.00M,124.00M,169.00M,35.00M,97.84M,245.87M,287.45M,196.50M,250.09M,301.07M,310.86M,155.97M,153.30M,208.00M,256.60M,156.10M,163.51M,211.00M,216.60M,114.00M,129.36M,150.40M,153.80M,83.40M,46.36M,100.30M,140.00M,54.80M,70.00M,114.20M,100.80M,20.00M,35.70M,97.10M,97.10M,69.50M,77.30M,77.80M,67.80M,36.70M,42.70M,43.90M,38.30M,22.00M,14.20M,25.80M,16.90M,-13.00M,-7.20M,36.50M,37.40M,8.00M,13.10M,38.10M,29.60M,30.20M,,,,,,,,,,,,,,,,,,,,
Provision for Income Taxes,153.00M,160.00M,227.00M,117.00M,163.00M,171.00M,227.00M,139.00M,-1.012B,304.00M,422.00M,193.00M,251.00M,230.00M,484.00M,303.00M,311.00M,349.00M,369.00M,270.00M,111.00M,196.00M,281.00M,92.00M,121.00M,160.00M,139.00M,35.00M,47.00M,17.00M,140.00M,61.00M,103.00M,-86.00M,114.00M,13.00M,82.00M,127.00M,72.00M,6.00M,69.00M,-4.00M,16.00M,-16.00M,-27.00M,-85.00M,208.00M,3.00M,72.00M,115.00M,169.00M,56.00M,44.00M,30.00M,182.00M,35.00M,42.00M,133.00M,91.00M,30.00M,33.00M,62.00M,66.00M,15.00M,1.00M,65.00M,151.00M,15.00M,22.00M,49.00M,67.00M,14.00M,34.33M,94.91M,111.82M,75.46M,,116.78M,120.24M,60.33M,59.10M,81.00M,98.80M,60.30M,63.08M,81.40M,83.20M,44.00M,48.78M,57.90M,60.00M,32.50M,18.22M,39.40M,54.70M,21.80M,26.70M,46.50M,41.10M,8.20M,15.40M,38.50M,38.60M,27.70M,31.50M,33.90M,25.90M,14.00M,15.60M,17.00M,14.80M,8.50M,5.40M,10.10M,6.30M,-4.80M,-2.60M,13.50M,13.90M,2.90M,4.90M,13.50M,10.40M,10.60M,,,,,,,,,,,,,,,,,,,,
Income from Continuing Operations,513.00M,659.00M,741.00M,387.00M,654.00M,615.00M,733.00M,463.00M,1.747B,528.00M,743.00M,339.00M,461.00M,388.00M,820.00M,513.00M,536.00M,584.00M,608.00M,453.00M,190.00M,329.00M,465.00M,152.00M,212.00M,259.00M,224.00M,59.00M,78.00M,16.00M,228.00M,98.00M,152.00M,-140.00M,161.00M,5.00M,131.00M,205.00M,112.00M,11.00M,115.00M,-16.00M,91.00M,-91.00M,-56.00M,-120.00M,321.00M,34.00M,112.00M,162.00M,278.00M,93.00M,57.00M,48.00M,333.00M,61.00M,70.00M,210.00M,144.00M,59.00M,55.00M,119.00M,113.00M,26.00M,-4.00M,106.00M,246.00M,24.00M,42.00M,75.00M,102.00M,21.00M,63.50M,150.96M,175.63M,121.04M,155.44M,184.30M,190.62M,95.64M,93.80M,127.00M,157.80M,95.80M,100.40M,129.60M,133.40M,70.00M,80.57M,92.50M,93.80M,50.90M,28.14M,60.90M,85.30M,33.00M,43.30M,67.70M,59.70M,11.80M,20.30M,58.60M,58.50M,41.80M,45.80M,43.90M,41.90M,22.70M,27.10M,26.90M,23.50M,13.50M,8.80M,15.70M,10.60M,-8.20M,-4.60M,23.00M,23.50M,5.10M,8.20M,24.60M,19.20M,19.60M,16.10M,26.60M,15.10M,0.20M,9.00M,20.40M,0.60M,-9.80M,9.00M,21.20M,17.10M,2.70M,6.00M,16.80M,19.20M,5.30M,11.40M,14.20M,13.90M,10.20M
"Extraordinary Items, Income Statement",,,,,,,,,,,,,,,,,,,,,,,,,,,,,,,,,,,,,,,,,,,,,,,,,,,,,,,,,,,,,,,,,,,,,,,,,,,0.00,0.00,,0.00,0.00,-22.13M,,,,,,,,,,,,,,,,,,,,,,,,,0.00,,,15.30M,0.00,,,12.50M,,,,,,,,,,,,,,,,,,,,,,,,,,,,,,,,
Net Income,513.00M,659.00M,741.00M,387.00M,654.00M,615.00M,733.00M,463.00M,1.747B,528.00M,743.00M,339.00M,461.00M,388.00M,820.00M,513.00M,536.00M,584.00M,608.00M,453.00M,190.00M,329.00M,465.00M,152.00M,212.00M,259.00M,224.00M,59.00M,78.00M,16.00M,228.00M,98.00M,152.00M,-140.00M,161.00M,5.00M,131.00M,205.00M,112.00M,11.00M,115.00M,-16.00M,91.00M,-91.00M,-56.00M,-120.00M,321.00M,34.00M,112.00M,162.00M,278.00M,93.00M,57.00M,48.00M,333.00M,61.00M,70.00M,210.00M,144.00M,59.00M,55.00M,119.00M,113.00M,26.00M,-4.00M,106.00M,246.00M,24.00M,42.00M,75.00M,102.00M,21.00M,63.50M,150.96M,175.63M,121.04M,177.57M,184.30M,190.62M,73.51M,94.40M,127.00M,157.80M,95.80M,100.43M,129.60M,133.40M,70.00M,80.57M,92.50M,93.80M,50.90M,28.14M,60.90M,85.30M,33.00M,43.30M,67.70M,59.70M,11.80M,20.30M,58.60M,58.50M,41.80M,45.80M,43.90M,41.90M,38.00M,27.10M,26.90M,23.50M,26.00M,8.80M,15.70M,10.60M,-8.20M,-4.60M,23.00M,23.50M,5.10M,8.20M,24.60M,19.20M,19.60M,16.10M,26.60M,15.10M,0.20M,9.00M,20.40M,0.60M,-9.80M,9.00M,21.20M,17.10M,2.70M,6.00M,16.80M,19.20M,5.30M,11.40M,14.20M,13.90M,10.20M
Normalized Income,513.00M,659.00M,741.00M,387.00M,654.00M,615.00M,733.00M,463.00M,1.747B,530.54M,771.07M,380.34M,461.00M,428.82M,792.95M,585.34M,643.58M,758.03M,666.47M,487.48M,407.14M,384.18M,491.79M,130.75M,241.92M,241.70M,269.04M,38.34M,48.67M,101.80M,272.02M,0.974M,-36.40M,124.51M,125.25M,54.40M,50.43M,197.59M,200.87M,13.59M,80.00M,-14.40M,71.44M,-71.44M,31.71M,54.85M,111.65M,68.92M,68.78M,141.20M,203.37M,123.58M,9.60M,-70.15M,397.66M,49.56M,41.88M,256.53M,119.49M,51.04M,23.75M,101.91M,90.91M,13.32M,-4.00M,110.34M,81.79M,24.00M,47.40M,47.18M,106.22M,22.20M,63.50M,58.35M,173.91M,124.45M,155.44M,180.12M,184.11M,88.81M,94.52M,127.06M,158.05M,101.69M,97.67M,125.91M,129.34M,67.54M,67.58M,92.56M,93.92M,51.51M,3.591M,61.20M,84.33M,32.22M,42.99M,67.64M,60.60M,11.74M,19.94M,58.54M,58.44M,40.60M,44.00M,43.60M,40.66M,20.91M,25.83M,25.74M,21.66M,12.89M,7.251M,14.06M,9.283M,-9.525M,-5.303M,20.29M,22.87M,2.168M,5.759M,17.37M,14.59M,10.25M,16.10M,26.60M,15.10M,0.20M,9.00M,20.40M,0.60M,-9.80M,9.00M,21.20M,17.10M,2.70M,6.00M,16.80M,19.20M,5.30M,11.40M,14.20M,13.90M,10.20M
EBITDA,998.00M,1.147B,1.292B,823.00M,1.171B,1.111B,1.275B,901.00M,1.033B,1.147B,1.498B,868.00M,1.046B,952.00M,1.624B,1.125B,1.132B,1.213B,1.249B,993.00M,580.00M,788.00M,1.002B,491.00M,584.00M,671.00M,601.00M,328.00M,379.00M,280.00M,602.00M,395.00M,494.00M,12.00M,500.00M,213.00M,410.00M,531.00M,375.00M,207.00M,379.00M,185.00M,304.00M,81.00M,101.00M,-24.00M,703.00M,210.00M,361.00M,445.00M,613.00M,219.00M,308.00M,392.00M,529.00M,222.00M,3.80B,369.00M,372.00M,193.00M,-4.042B,300.00M,304.00M,-893.00M,3.002B,-706.00M,-719.00M,139.00M,-2.108B,-334.00M,-252.00M,-379.00M,1.591B,-330.85M,-562.58M,-611.12M,2.866B,-495.35M,-458.97M,-608.46M,-1.485B,-149.20M,-106.47M,-178.33M,-1.273B,-124.40M,-124.90M,-206.80M,-1.343B,-172.00M,-154.30M,-221.10M,-1.378B,-202.00M,-146.80M,-224.80M,-202.60M,-141.90M,-146.40M,-210.50M,-209.80M,-119.60M,-115.60M,108.50M,121.90M,116.40M,102.30M,70.80M,79.40M,81.10M,70.00M,53.50M,45.20M,52.90M,41.40M,9.80M,16.10M,56.80M,61.20M,27.30M,33.40M,51.30M,46.50M,38.80M,-548.70M,239.10M,216.90M,178.60M,-567.20M,200.70M,205.30M,178.40M,-498.70M,207.60M,193.90M,173.30M,-422.40M,199.50M,169.80M,135.70M,-333.90M,139.80M,137.60M,125.10M
Reconciled Depreciation,313.00M,308.00M,302.00M,297.00M,331.00M,301.00M,292.00M,277.00M,279.00M,302.00M,319.00M,318.00M,318.00M,315.00M,299.00M,290.00M,264.00M,258.00M,250.00M,244.00M,251.00M,238.00M,228.00M,221.00M,224.00M,221.00M,213.00M,210.00M,224.00M,217.00M,202.00M,201.00M,192.00M,191.00M,176.00M,155.00M,159.00M,161.00M,154.00M,154.00M,154.00M,162.00M,150.00M,150.00M,154.00M,152.00M,148.00M,145.00M,144.00M,139.00M,137.00M,135.00M,134.00M,131.00M,126.00M,124.00M,121.00M,121.00M,115.00M,112.00M,113.00M,109.00M,106.00M,103.00M,99.00M,97.00M,95.00M,93.00M,93.00M,92.00M,86.00M,85.00M,80.20M,81.72M,78.21M,77.69M,74.54M,71.51M,68.52M,66.70M,82.30M,63.80M,59.50M,56.80M,59.61M,59.60M,54.00M,52.00M,49.77M,49.90M,47.50M,48.40M,47.17M,46.20M,46.10M,44.00M,35.40M,38.80M,38.30M,37.30M,20.30M,36.30M,33.80M,32.50M,36.10M,29.60M,27.40M,26.20M,27.10M,27.20M,24.60M,22.30M,23.40M,21.70M,20.80M,20.30M,20.30M,20.10M,19.90M,19.10M,19.00M,18.70M,17.70M,16.90M,,,,,,,,,,,,,,,,,,,,
EBIT,685.00M,839.00M,990.00M,526.00M,840.00M,810.00M,983.00M,624.00M,754.00M,845.00M,1.179B,550.00M,728.00M,637.00M,1.325B,835.00M,868.00M,955.00M,999.00M,749.00M,329.00M,550.00M,774.00M,270.00M,360.00M,450.00M,388.00M,118.00M,155.00M,63.00M,400.00M,194.00M,302.00M,-179.00M,324.00M,58.00M,251.00M,370.00M,221.00M,53.00M,225.00M,23.00M,154.00M,-69.00M,-53.00M,-176.00M,555.00M,65.00M,217.00M,305.00M,476.00M,84.00M,174.00M,261.00M,402.00M,98.00M,3.679B,248.00M,256.00M,81.00M,-4.155B,191.00M,197.00M,-996.00M,2.903B,-803.00M,-814.00M,46.00M,-2.201B,-426.00M,-338.00M,-464.00M,1.511B,-412.57M,-640.79M,-688.81M,2.792B,-566.86M,-527.49M,-675.16M,-1.567B,-213.00M,-165.97M,-235.13M,-1.333B,-184.00M,-178.90M,-258.80M,-1.392B,-221.90M,-201.80M,-269.50M,-1.425B,-248.20M,-192.90M,-268.80M,-238.00M,-180.70M,-184.70M,-247.80M,-230.10M,-155.90M,-149.40M,76.00M,85.80M,86.80M,74.80M,44.60M,52.30M,53.90M,45.40M,31.20M,21.80M,31.20M,20.50M,-10.50M,-4.20M,36.70M,41.30M,8.20M,14.40M,32.60M,28.70M,21.90M,-548.70M,239.10M,216.90M,178.60M,-567.20M,200.70M,205.30M,178.40M,-498.70M,207.60M,193.90M,173.30M,-422.40M,199.50M,169.80M,135.70M,-333.90M,139.80M,137.60M,125.10M
EPS Basic from Continuing Operations,0.98,1.24,1.37,0.70,1.17,1.08,1.27,0.79,3.19,0.88,1.23,0.55,0.85,0.63,1.30,0.80,0.83,0.89,0.91,0.67,0.28,0.48,0.67,0.22,0.30,0.37,0.31,0.08,0.11,0.02,0.30,0.13,0.20,-0.18,0.21,0.01,0.18,0.27,0.15,0.01,0.15,-0.02,0.12,-0.12,-0.08,-0.16,0.44,0.05,0.15,0.22,0.36,0.12,0.07,0.06,0.42,0.08,0.08,0.27,0.18,0.08,0.07,0.15,0.14,0.03,0.00,0.14,0.32,0.03,0.0541,0.10,0.13,0.03,0.08,0.20,0.23,0.16,0.2133,0.2467,0.2533,0.1267,0.12,0.17,0.21,0.13,0.13,0.17,0.18,0.09,0.1196,0.12,0.12,0.07,0.0406,0.08,0.11,0.05,0.06,0.09,0.08,0.01,0.03,0.08,0.08,0.06,0.06,0.06,0.06,0.03,0.04,0.04,0.03,0.02,0.01,0.03,0.02,-0.01,-0.01,0.03,0.04,0.01,0.01,0.03,0.03,0.03,0.02,0.04,0.02,0.01,0.0127,0.03,0.01,-0.01,0.01,0.03,0.02,0.01,0.01,0.02,0.03,0.01,0.01,0.02,0.02,0.01
EPS Basic from Discontinued Operations,,,,,,,,,,,,,,,,,,,,,,,,,,,,,,,,,,0.00,0.00,0.00,,0.00,0.00,0.00,0.00,0.00,0.00,0.00,0.00,0.00,0.00,0.00,0.00,0.00,0.00,0.00,0.00,0.00,0.00,0.00,0.00,0.00,0.00,0.00,0.00,0.00,0.00,0.00,0.00,0.00,0.00,0.00,,0.00,0.00,0.00,0.00,0.00,0.00,0.00,0.0267,0.00,0.00,-0.0267,0.00,0.00,0.00,0.00,0.00,0.00,0.00,0.00,0.00,0.00,0.00,0.00,0.00,0.00,0.00,0.00,0.00,0.00,0.00,0.00,0.00,0.00,0.00,0.00,0.00,0.00,0.00,0.02,0.00,0.00,0.00,0.02,0.00,0.00,0.00,0.00,0.00,0.00,0.00,0.00,0.00,0.00,0.00,0.00,0.00,0.00,0.00,0.00,,0.00,0.00,0.00,0.00,0.00,0.00,0.00,0.00,0.00,0.00,0.00,0.00,0.00,0.00,0.00
EPS Basic from Extraordinaries,,,,,,,,,,,,,,,,,,,,,,,,,,,,,,,,,,,,,,,,,,,,,,,,,,,,,,,,,,,,,,,,,,,,,,,,,,,0.00,0.00,,0.00,0.00,0.00,,,,,,,,,,,,,,,,,,,,,,,,,0.00,,,0.00,0.00,,,0.00,,,,,,,,,,,,,,,,,,,,,,,,,,,,,,,,
Normalized Basic EPS,0.98,1.24,1.37,0.70,1.17,1.08,1.27,0.79,3.19,0.8843,1.276,0.6174,0.85,0.6961,1.257,0.9128,0.9958,1.156,0.9979,0.7212,0.6003,0.5608,0.7088,0.1896,0.3429,0.3454,0.3731,0.0515,0.0699,0.1361,0.3582,0.0042,-0.0425,0.1540,0.1642,0.0760,0.0724,0.2601,0.2693,0.0135,0.1028,-0.0178,0.0936,-0.0936,0.0388,0.0776,0.1540,0.0976,0.0916,0.1919,0.2630,0.1589,0.0093,-0.0898,0.5010,0.0658,0.0455,0.3290,0.1488,0.0699,0.0298,0.1281,0.1118,0.0138,0.00,0.1455,0.1095,0.03,0.0610,0.0640,0.1355,0.0316,0.08,0.0788,0.2277,0.1645,0.2133,0.2411,0.2446,0.1175,0.1202,0.1701,0.2103,0.1380,0.1264,0.1652,0.1745,0.0868,0.1000,0.1201,0.1202,0.0708,0.0069,0.0804,0.1087,0.0488,0.0596,0.0899,0.0812,0.0099,0.0295,0.0799,0.0799,0.0583,0.0576,0.0596,0.0582,0.0276,0.0381,0.0383,0.0276,0.0191,0.0082,0.0269,0.0175,-0.0116,-0.0109,0.0265,0.0389,0.0042,0.0067,0.0212,0.0228,0.0157,0.02,0.04,0.02,0.01,0.0127,0.03,0.01,-0.01,0.01,0.03,0.02,0.01,0.01,0.02,0.03,0.01,0.01,0.02,0.02,0.01
EPS Basic,0.98,1.24,1.37,0.70,1.17,1.08,1.27,0.79,3.19,0.88,1.23,0.55,0.85,0.63,1.30,0.80,0.83,0.89,0.91,0.67,0.28,0.48,0.67,0.22,0.30,0.37,0.31,0.08,0.11,0.02,0.30,0.13,0.20,-0.18,0.21,0.01,0.18,0.27,0.15,0.01,0.15,-0.02,0.12,-0.12,-0.08,-0.16,0.44,0.05,0.15,0.22,0.36,0.12,0.07,0.06,0.42,0.08,0.08,0.27,0.18,0.08,0.07,0.15,0.14,0.03,0.00,0.14,0.32,0.03,0.0541,0.10,0.13,0.03,0.08,0.20,0.23,0.16,0.24,0.2467,0.2533,0.10,0.12,0.17,0.21,0.13,0.13,0.17,0.18,0.09,0.1196,0.12,0.12,0.07,0.0406,0.08,0.11,0.05,0.06,0.09,0.08,0.01,0.03,0.08,0.08,0.06,0.06,0.06,0.06,0.05,0.04,0.04,0.03,0.04,0.01,0.03,0.02,-0.01,-0.01,0.03,0.04,0.01,0.01,0.03,0.03,0.03,0.02,0.04,0.02,0.01,0.0127,0.03,0.01,-0.01,0.01,0.03,0.02,0.01,0.01,0.02,0.03,0.01,0.01,0.02,0.02,0.01
EPS Diluted from Continuing Operations,0.98,1.23,1.37,0.70,1.17,1.08,1.27,0.79,3.18,0.88,1.23,0.55,0.84,0.62,1.28,0.79,0.82,0.88,0.90,0.66,0.28,0.48,0.67,0.22,0.30,0.37,0.31,0.08,0.11,0.02,0.30,0.13,0.20,-0.18,0.21,0.01,0.17,0.27,0.15,0.01,0.15,-0.02,0.12,-0.12,-0.08,-0.16,0.44,0.05,0.15,0.22,0.36,0.12,0.07,0.06,0.40,0.07,0.08,0.26,0.18,0.07,0.06,0.15,0.14,0.03,0.00,0.13,0.30,0.03,-0.02,0.09,0.13,0.03,0.08,0.19,0.22,0.15,0.1967,0.2333,0.24,0.12,0.12,0.16,0.19,0.12,0.1267,0.17,0.17,0.09,0.1048,0.12,0.12,0.07,0.0406,0.08,0.11,0.05,0.06,0.09,0.08,0.01,0.03,0.08,0.08,0.06,0.06,0.06,0.06,0.03,0.04,0.04,0.03,0.02,0.01,0.03,0.02,-0.01,-0.01,0.03,0.04,0.01,0.01,0.03,0.03,0.03,0.02,0.04,0.02,0.01,0.0127,0.03,0.01,-0.01,0.01,0.03,0.02,0.01,0.01,0.02,0.03,0.01,0.01,0.02,0.02,0.01
EPS Diluted from Discontinued Operations,,,,,,,,,,,,,,,,,,,,,,,,,,,,,,,,,,0.00,0.00,0.00,,0.00,0.00,0.00,0.00,0.00,0.00,0.00,0.00,0.00,0.00,0.00,0.00,0.00,0.00,0.00,0.00,0.00,0.00,0.00,0.00,0.00,0.00,0.00,0.00,0.00,0.00,0.00,0.00,0.00,0.00,0.00,0.00,0.00,0.00,0.00,0.00,0.00,0.00,0.00,0.0267,0.00,0.00,-0.0267,0.00,0.00,0.00,0.00,0.00,0.00,0.00,0.00,0.00,0.00,0.00,0.00,0.00,0.00,0.00,0.00,0.00,0.00,0.00,0.00,0.00,0.00,0.00,0.00,0.00,0.00,0.00,0.02,0.00,0.00,0.00,0.02,0.00,0.00,0.00,0.00,0.00,0.00,0.00,0.00,0.00,0.00,0.00,0.00,0.00,0.00,0.00,0.00,,0.00,0.00,0.00,0.00,0.00,0.00,0.00,0.00,0.00,0.00,0.00,0.00,0.00,0.00,0.00
EPS Diluted from Extraordinaries,,,,,,,,,,,,,,,,,,,,,,,,,,,,,,,,,,,,,,,,,,,,,,,,,,,,,,,,,,,,,,,,,,,,,,,,,,,0.00,0.00,,0.00,0.00,-0.0297,,,,,,,,,,,,,,,,,,,,,,,,,-0.0003,,,0.0201,0.0001,,,0.0192,,,,,,,,,,,,,,,,,,,,,,,,,,,,,,,,
Normalized Diluted EPS,0.98,1.23,1.37,0.70,1.17,1.08,1.27,0.79,3.18,0.8842,1.276,0.6173,0.84,0.6853,1.238,0.9016,0.9837,1.142,0.9869,0.7106,0.5961,0.5598,0.7084,0.1899,0.3424,0.3457,0.3724,0.0516,0.0705,0.1359,0.3576,0.0043,-0.0422,0.1540,0.1646,0.0760,0.0626,0.2601,0.2691,0.0135,0.1028,-0.0178,0.0936,-0.0936,0.0387,0.0776,0.1559,0.0976,0.0916,0.1923,0.2643,0.1582,0.0101,-0.0839,0.4784,0.0563,0.0457,0.3180,0.1494,0.0601,0.0232,0.1289,0.1130,0.0145,0.00,0.1352,0.0997,0.03,-0.0133,0.0554,0.1352,0.0315,0.08,0.0752,0.2179,0.1542,0.1967,0.2281,0.2318,0.1113,0.1202,0.1601,0.1903,0.1274,0.1232,0.1652,0.1648,0.0868,0.0879,0.1201,0.1202,0.0708,0.0091,0.0804,0.1087,0.0488,0.0596,0.0899,0.0812,0.0099,0.0295,0.0799,0.0799,0.0583,0.0576,0.0596,0.0582,0.0276,0.0381,0.0383,0.0276,0.0191,0.0082,0.0269,0.0175,-0.0116,-0.0109,0.0265,0.0389,0.0042,0.0067,0.0212,0.0228,0.0157,0.02,0.04,0.02,0.01,0.0127,0.03,0.01,-0.01,0.01,0.03,0.02,0.01,0.01,0.02,0.03,0.01,0.01,0.02,0.02,0.01
EPS Diluted,0.98,1.23,1.37,0.70,1.17,1.08,1.27,0.79,3.18,0.88,1.23,0.55,0.84,0.62,1.28,0.79,0.82,0.88,0.90,0.66,0.28,0.48,0.67,0.22,0.30,0.37,0.31,0.08,0.11,0.02,0.30,0.13,0.20,-0.18,0.21,0.01,0.17,0.27,0.15,0.01,0.15,-0.02,0.12,-0.12,-0.08,-0.16,0.44,0.05,0.15,0.22,0.36,0.12,0.07,0.06,0.40,0.07,0.08,0.26,0.18,0.07,0.06,0.15,0.14,0.03,0.00,0.13,0.30,0.03,-0.02,0.09,0.13,0.03,0.08,0.19,0.22,0.15,0.2233,0.2333,0.24,0.0933,0.12,0.16,0.19,0.12,0.1267,0.17,0.17,0.09,0.1048,0.12,0.12,0.07,0.0406,0.08,0.11,0.05,0.06,0.09,0.08,0.01,0.03,0.08,0.08,0.06,0.06,0.06,0.06,0.05,0.04,0.04,0.03,0.04,0.01,0.03,0.02,-0.01,-0.01,0.03,0.04,0.01,0.01,0.03,0.03,0.03,0.02,0.04,0.02,0.01,0.0127,0.03,0.01,-0.01,0.01,0.03,0.02,0.01,0.01,0.02,0.03,0.01,0.01,0.02,0.02,0.01
Average Basic Shares Outstanding,526.00M,533.00M,542.00M,551.00M,558.00M,569.00M,578.00M,587.00M,589.00M,597.00M,604.00M,613.00M,618.00M,618.00M,632.00M,641.00M,649.00M,655.00M,665.00M,674.00M,678.00M,683.00M,690.00M,698.00M,698.00M,703.00M,714.00M,725.00M,732.00M,739.00M,757.00M,771.00M,777.00M,792.00M,780.00M,748.00M,749.00M,746.00M,745.00M,743.00M,741.00M,742.00M,741.00M,740.00M,738.00M,736.00M,732.00M,733.00M,740.29M,739.00M,769.00M,786.00M,780.25M,789.00M,798.00M,803.00M,815.77M,789.00M,786.00M,784.00M,778.00M,781.00M,784.00M,785.00M,757.00M,784.00M,780.00M,778.00M,776.66M,773.35M,772.01M,769.37M,765.41M,763.81M,762.14M,760.22M,740.60M,748.65M,745.94M,745.74M,777.05M,747.06M,751.43M,736.92M,769.18M,762.35M,741.11M,777.78M,663.08M,770.83M,781.67M,727.14M,727.26M,761.25M,775.45M,660.00M,722.13M,752.22M,746.25M,741.82M,716.90M,732.50M,731.25M,696.67M,764.86M,731.67M,698.33M,760.00M,676.36M,672.50M,783.33M,650.00M,880.00M,523.33M,530.00M,820.00M,752.68M,766.67M,587.50M,510.00M,750.67M,820.00M,640.00M,653.33M,805.00M,665.00M,755.00M,732.59M,711.02M,680.00M,732.59M,732.59M,807.14M,706.67M,855.00M,732.59M,637.86M,840.00M,640.00M,530.00M,925.00M,710.00M,695.00M,668.81M
Average Diluted Shares Outstanding,527.00M,534.00M,542.00M,552.00M,559.00M,569.00M,579.00M,588.00M,594.00M,598.00M,605.00M,614.00M,618.00M,625.00M,639.00M,648.00M,657.00M,663.00M,673.00M,682.00M,687.00M,691.00M,698.00M,707.00M,706.00M,711.00M,722.00M,727.00M,742.00M,740.00M,764.00M,772.00M,778.00M,792.00M,787.00M,749.00M,750.00M,747.00M,746.00M,744.00M,741.00M,742.00M,741.00M,740.00M,739.00M,736.00M,737.00M,734.00M,740.43M,752.00M,780.00M,800.00M,791.13M,821.00M,825.00M,836.00M,820.67M,802.00M,802.00M,802.00M,849.74M,812.00M,817.00M,817.00M,780.78M,827.00M,820.00M,808.00M,808.27M,804.60M,809.40M,810.76M,824.21M,806.86M,806.52M,807.74M,790.45M,796.55M,793.07M,789.53M,790.98M,793.75M,830.53M,798.33M,792.87M,762.35M,784.71M,777.78M,768.75M,770.83M,781.67M,727.14M,779.13M,761.25M,775.45M,660.00M,722.13M,752.22M,746.25M,741.82M,716.90M,732.50M,731.25M,696.67M,764.86M,731.67M,698.33M,760.00M,676.36M,672.50M,783.33M,650.00M,880.00M,523.33M,530.00M,820.00M,752.68M,766.67M,587.50M,510.00M,750.67M,820.00M,640.00M,653.33M,805.00M,665.00M,755.00M,732.59M,711.02M,680.00M,732.59M,732.59M,807.14M,706.67M,855.00M,732.59M,637.86M,840.00M,640.00M,530.00M,925.00M,710.00M,695.00M,668.81M
Dividend Per Share,0.18,0.18,0.18,0.16,0.16,0.16,0.16,0.125,0.125,0.125,0.10,0.10,0.10,0.10,0.10,0.075,0.075,0.075,0.075,0.06,0.06,0.06,0.06,0.04,0.04,0.04,0.04,0.01,0.01,0.01,0.01,0.0045,0.0045,0.0045,0.0045,0.0045,0.0045,0.0045,0.0045,0.0045,0.0045,0.0045,0.0045,0.0045,0.0045,0.0045,0.0045,0.0045,0.0045,0.0045,0.0045,0.0045,0.0045,0.0045,0.0045,0.0045,0.0045,0.0045,0.0045,0.0045,0.0045,0.0045,0.0045,0.0045,0.0045,0.0045,0.0045,0.0045,0.0045,0.0045,0.0045,0.0045,0.0045,0.0045,0.0045,0.0045,0.0037,0.0037,0.0037,0.0037,0.0037,0.0037,0.0037,0.0033,0.0033,0.0033,0.0030,0.0030,0.0030,0.0023,0.0023,0.0022,0.0022,0.0022,0.0022,0.0022,0.0020,0.0020,0.0040,0.0020,0.0020,0.0020,0.0020,0.0020,0.0020,0.0020,0.0018,0.0018,0.0018,0.0018,0.0011,0.0011,0.0011,0.0011,0.0011,0.0011,0.0011,0.0011,0.0015,0.0015,0.0015,0.0015,0.0015,0.0015,0.0015,0.0014,0.0014,0.0014,0.0014,0.0014,0.0014,0.0014,0.0014,0.0014,0.0014,0.0014,0.0014,0.0014,0.0014,0.0014,,,,
As Originally Reported,AOR,AOR,AOR,AOR,AOR,AOR,AOR,AOR,AOR,AOR,AOR,AOR,AOR,AOR,AOR,AOR,AOR,AOR,AOR,AOR,AOR,AOR,AOR,AOR,AOR,AOR,AOR,AOR,AOR,AOR,AOR,AOR,AOR,AOR,AOR,AOR,AOR,AOR,AOR,AOR,AOR,AOR,AOR,AOR,AOR,AOR,AOR,AOR,AOR,AOR,AOR,AOR,AOR,AOR,AOR,AOR,AOR,AOR,AOR,AOR,AOR,AOR,AOR,AOR,AOR,AOR,AOR,AOR,AOR,AOR,AOR,AOR,AOR,AOR,AOR,AOR,AOR,AOR,AOR,AOR,AOR,,,,AOR,,,,AOR,,,,AOR,,,,AOR,,,,AOR,,,,,,,,,,,,,,,,,,,,,,,,,,,,,,,,,,,,,,,,,,,
Restated,,,,,Restated,Restated,Restated,Restated,Restated,Restated,Restated,Restated,Restated,Restated,Restated,Restated,Restated,Restated,Restated,Restated,Restated,Restated,Restated,Restated,Restated,Restated,Restated,Restated,Restated,Restated,Restated,Restated,Restated,Restated,Restated,Restated,Restated,Restated,Restated,Restated,Restated,Restated,Restated,Restated,Restated,Restated,Restated,Restated,Restated,Restated,Restated,Restated,Restated,Restated,Restated,Restated,Restated,Restated,Restated,Restated,,Restated,Restated,Restated,Restated,Restated,Restated,Restated,Restated,,,,Restated,,,,Restated,,,,Restated,,,,Restated,,,,,,,,,,,,,,,,,,,,,,,,,,,,,,,,,,,,,,,,,,,,,,,,,,,,,,,,,,,
