Income (Quarterly),2019-12,2019-09,2019-06,2019-03,2018-12,2018-09,2018-06,2018-03,2017-12,2017-09,2017-06,2017-03,2016-12,2016-09,2016-06,2016-03,2015-12,2015-09,2015-06,2015-03,2014-12,2014-09,2014-06,2014-03,2013-12,2013-09,2013-06,2013-03,2012-12,2012-09,2012-06,2012-03,2011-12,2011-09,2011-06,2011-03,2010-12,2010-09,2010-06,2010-03,2009-12,2009-09,2009-06,2009-03,2008-12,2008-09,2008-06,2008-03,2007-12,2007-09,2007-06,2007-03,2006-12,2006-09,2006-06,2006-03,2005-12,2005-09,2005-06,2005-03,2004-12,2004-09,2004-06,2004-03,2003-12,2003-09,2003-06,2003-03,2002-12,2002-09,2002-06,2002-03,2001-12,2001-09,2001-06,2001-03,2000-12,2000-09,2000-06,2000-03,1999-12,1999-09,1999-06,1999-03,1998-12,1998-09,1998-06,1998-03,1997-12,1997-09,1997-06,1997-03,1996-12,1996-09,1996-06,1996-03,1995-12,1995-09,1995-06,1995-03,1994-12,1994-09,1994-06,1994-03,1993-12,1993-09,1993-06,1993-03,1992-12,1992-09,1992-06,1992-03,1991-12,1991-09,1991-06,1991-03,1990-12,1990-09,1990-06,1990-03,1989-12,1989-09,1989-06,1989-03,1988-12,1988-09,1988-06,1988-03,1987-12,1987-09,1987-06,1987-03,1986-12,1986-09,1986-06,1986-03,1985-12,1985-09,1985-06,1985-03,1984-12,1984-09,1984-06,1984-03
Operating Revenue,292.37M,385.03M,315.77M,349.77M,311.07M,407.36M,338.70M,309.46M,304.51M,406.66M,331.77M,301.96M,357.34M,347.97M,291.52M,262.53M,260.65M,347.28M,312.49M,261.50M,268.24M,363.29M,293.88M,274.04M,278.52M,360.60M,268.96M,248.12M,231.32M,310.89M,231.95M,225.14M,140.04M,309.63M,234.98M,251.49M,144.43M,309.36M,241.75M,252.96M,253.08M,324.51M,243.63M,228.57M,217.03M,299.72M,230.23M,213.44M,197.45M,261.46M,213.77M,206.71M,184.78M,230.53M,242.64M,268.34M,204.14M,245.91M,201.29M,196.18M,181.12M,246.68M,211.87M,188.19M,171.57M,239.23M,200.28M,211.93M,219.80M,259.00M,621.00M,653.00M,244.31M,395.00M,1.578B,288.00M,2.231B,316.38M,261.29M,186.27M,931.80M,161.98M,165.07M,174.15M,188.16M,230.20M,167.13M,167.35M,65.59M,217.17M,166.98M,155.45M,141.78M,149.65M,140.38M,146.63M,135.30M,148.73M,130.25M,131.34M,135.28M,151.03M,128.54M,128.81M,135.50M,134.60M,129.50M,140.80M,129.90M,129.00M,124.70M,114.50M,122.10M,129.60M,110.90M,120.60M,117.90M,125.60M,109.40M,112.00M,116.50M,128.20M,119.10M,132.40M,99.40M,111.60M,98.40M,102.90M,91.20M,107.90M,94.20M,101.30M,90.40M,103.10M,98.30M,117.10M,106.30M,116.90M,106.40M,121.60M,110.40M,116.90M,94.90M,105.60M
Revenue,292.85M,386.32M,316.90M,350.32M,311.89M,408.80M,339.95M,310.11M,305.61M,408.32M,333.01M,302.54M,293.58M,372.04M,315.44M,280.96M,285.40M,369.16M,336.33M,279.40M,289.82M,382.20M,317.78M,292.72M,296.23M,381.11M,303.95M,264.93M,250.80M,334.02M,254.70M,241.14M,230.65M,309.63M,234.98M,251.49M,231.96M,309.36M,241.75M,252.96M,253.08M,324.51M,243.63M,228.57M,217.03M,299.72M,230.23M,213.44M,197.45M,261.46M,213.77M,206.71M,184.78M,230.53M,242.64M,268.34M,204.14M,245.91M,201.29M,196.18M,181.12M,246.68M,211.87M,188.19M,171.57M,239.23M,200.28M,211.93M,219.80M,259.00M,621.00M,653.00M,244.31M,395.00M,1.578B,288.00M,2.231B,316.38M,261.29M,186.27M,931.80M,161.98M,165.07M,174.15M,188.16M,230.20M,167.13M,167.35M,65.59M,217.17M,166.98M,155.45M,141.78M,149.65M,140.38M,146.63M,135.30M,148.73M,130.25M,131.34M,135.28M,151.03M,128.54M,128.81M,135.50M,134.60M,129.50M,140.80M,129.90M,129.00M,124.70M,114.50M,122.10M,129.60M,110.90M,120.60M,117.90M,125.60M,109.40M,112.00M,116.50M,128.20M,119.10M,132.40M,99.40M,111.60M,98.40M,102.90M,91.20M,107.90M,94.20M,101.30M,90.40M,103.10M,98.30M,117.10M,106.30M,116.90M,106.40M,121.60M,110.40M,116.90M,94.90M,105.60M
Cost of Goods Sold,176.87M,211.24M,182.02M,229.83M,202.90M,232.50M,196.77M,201.40M,187.65M,224.61M,185.39M,195.85M,187.16M,217.12M,182.10M,182.84M,179.46M,210.33M,196.11M,185.71M,208.82M,225.71M,193.47M,194.67M,209.95M,216.46M,160.88M,157.10M,165.84M,174.64M,149.26M,154.55M,453.56M,107.34M,77.42M,93.01M,329.95M,112.18M,94.74M,111.72M,64.32M,139.62M,86.78M,92.75M,72.38M,115.57M,83.77M,68.65M,67.02M,109.65M,65.82M,60.19M,84.94M,133.86M,,126.36M,85.59M,109.41M,73.71M,64.76M,58.66M,107.90M,84.59M,58.57M,123.68M,102.89M,55.93M,39.14M,227.46M,77.00M,95.00M,58.00M,-90.40M,254.00M,123.00M,92.00M,114.01M,117.44M,99.74M,40.81M,46.10M,64.61M,41.38M,39.91M,65.57M,117.94M,39.54M,44.89M,-41.88M,111.15M,47.86M,34.04M,40.45M,51.34M,23.83M,16.75M,28.22M,40.55M,18.29M,22.21M,30.63M,57.26M,36.52M,30.70M,,,,,,,,,,,,,,,,,,,,,,,,,,,,,,,,,,,,,,,,
Gross Profit,115.98M,175.08M,134.88M,120.49M,108.99M,176.30M,143.18M,108.71M,117.96M,183.72M,147.61M,106.70M,106.43M,154.92M,133.33M,98.12M,105.94M,158.83M,140.22M,93.68M,81.00M,156.49M,124.31M,98.05M,86.28M,164.65M,143.06M,107.83M,84.96M,159.37M,105.44M,86.59M,-222.91M,202.29M,157.56M,158.48M,-98.00M,197.18M,147.01M,141.24M,188.76M,184.89M,156.86M,135.82M,144.65M,184.15M,146.45M,144.79M,130.43M,151.81M,147.96M,146.52M,99.84M,96.67M,,141.98M,118.55M,136.49M,127.58M,131.42M,122.46M,138.78M,127.28M,129.62M,47.89M,136.34M,144.35M,172.78M,-7.662M,182.00M,526.00M,595.00M,334.71M,141.00M,1.455B,196.00M,2.117B,198.94M,161.55M,145.47M,885.70M,97.37M,123.69M,134.24M,122.60M,112.26M,127.59M,122.46M,107.47M,106.03M,119.12M,121.40M,101.33M,98.31M,116.55M,129.88M,107.08M,108.17M,111.96M,109.13M,104.64M,93.78M,92.03M,98.11M,,,,,,,,,,,,,,,,,,,,,,,,,,,,,,,,,,,,,,,,
SG&A Expense,,,,,,,,,,,,,,,,,,,,,,,,,,,,,,,,,,,,,,,,,,,,,,,,,,,,,,,,,,,,,,,,,,8.07M,6.481M,6.703M,,6.00M,5.00M,3.00M,11.05M,12.00M,10.00M,,,,,,,,,,,,,,,,,,,,,,,,,,,,,,,,,,,,,,,,,,,,,,,,,,,,,,,,,,,,,,,,,,,,,
Income Statement Depreciation,43.20M,42.60M,41.17M,42.23M,42.11M,41.67M,41.35M,40.07M,39.83M,40.26M,45.24M,36.76M,36.21M,36.04M,35.79M,35.62M,35.11M,34.64M,34.31M,34.04M,33.68M,33.48M,32.95M,32.88M,33.06M,32.54M,32.23M,31.91M,31.91M,31.61M,29.88M,30.54M,30.52M,30.12M,29.69M,29.46M,29.48M,29.14M,28.73M,28.58M,29.00M,28.84M,26.83M,25.96M,24.00M,25.72M,26.62M,25.75M,,,,,,,,,,,,,,,,,,,,,,,,,,,,,,,,,,,,,,,,,,,,,,,,,,,,,,,,,,,,,,,,,,,,,,,,,,,,,,,,,,,,,,,,,,,,,,,,
Special Income and Charges,11.36M,6.803M,6.699M,6.356M,9.067M,6.047M,5.985M,6.033M,6.319M,5.712M,5.611M,5.232M,8.466M,5.931M,5.238M,4.985M,7.305M,5.654M,5.378M,5.187M,5.913M,4.645M,4.459M,4.079M,4.00M,3.734M,3.528M,3.615M,3.458M,3.541M,7.832M,7.616M,10.65M,6.01M,5.041M,4.538M,5.416M,3.55M,3.012M,4.481M,1.449M,4.569M,4.058M,6.921M,-10.25M,2.038M,1.024M,3.741M,3.494M,4.053M,1.622M,0.851M,-6.268M,1.34M,,3.198M,-1.287M,2.723M,1.072M,3.833M,-6.687M,4.027M,9.859M,2.81M,39.35M,-6.655M,1.373M,-16.60M,-2.17M,-2.00M,1.00M,-3.00M,11.29M,5.00M,3.00M,2.00M,18.08M,-3.357M,-0.523M,2.117M,-3.87M,8.90M,8.989M,2.983M,2.803M,7.079M,6.701M,1.773M,10.47M,2.123M,2.256M,3.389M,2.471M,3.561M,3.115M,3.342M,4.307M,4.747M,3.374M,1.944M,2.074M,3.618M,2.258M,2.53M,,,,,,,,,,,,,,,,,,,,,,,,,,,,,,,,,,,,,,,,
Non Income Taxes,6.98M,8.827M,9.377M,8.859M,7.486M,8.911M,9.118M,9.277M,7.955M,8.614M,8.843M,8.678M,7.595M,8.287M,8.203M,8.738M,7.809M,8.286M,8.193M,8.52M,7.063M,8.34M,8.241M,8.105M,7.318M,7.017M,8.054M,8.172M,7.528M,7.012M,7.849M,8.10M,7.199M,7.302M,7.182M,7.211M,6.916M,5.645M,5.805M,5.68M,5.32M,5.60M,5.088M,5.062M,4.652M,4.827M,4.80M,4.803M,3.367M,4.714M,4.636M,4.918M,2.704M,4.057M,,5.571M,5.212M,5.115M,5.302M,5.227M,3.554M,4.593M,5.378M,5.565M,5.181M,5.164M,5.251M,5.157M,4.953M,5.00M,5.00M,5.00M,3.693M,5.00M,5.00M,5.00M,4.086M,5.024M,5.463M,5.427M,5.571M,5.17M,5.676M,5.584M,4.622M,5.258M,5.501M,5.344M,4.441M,5.333M,5.556M,5.831M,4.909M,5.902M,4.716M,5.13M,4.564M,5.971M,6.318M,6.126M,6.407M,6.163M,5.596M,5.779M,,,,,,,,,,,,,,,,,,,,,,,,,,,,,,,,,,,,,,,,
Operating Interest Expense,20.78M,21.57M,22.11M,22.02M,21.97M,21.84M,20.97M,21.17M,21.66M,20.74M,20.65M,20.70M,20.02M,20.31M,20.64M,21.07M,20.56M,20.28M,20.66M,20.44M,19.95M,19.87M,19.94M,20.04M,20.10M,20.80M,20.65M,19.49M,19.83M,19.40M,17.44M,17.20M,11.68M,19.50M,17.57M,20.85M,16.11M,20.14M,19.43M,18.99M,18.57M,18.60M,18.16M,17.48M,19.99M,18.54M,17.06M,17.47M,,,,,,,,,,,,,,,,,,,,,,,,,,,,,,,,,,,,,,,,,,,,,,,,,,,,,,,,,,,,,,,,,,,,,,,,,,,,,,,,,,,,,,,,,,,,,,,,
Operating Interest Income,,,,,,,,,,,,,,,,,,,,,,,,,,,,,,,,,,2.053M,,1.888M,,1.39M,2.038M,,,,,,,,,,,,,,,,,,,,,,,,,,,,,,,,,,,,,,,,,,,,,,,,,,,,,,,,,,,,,,,,,,,,,,,,,,,,,,,,,,,,,,,,,,,,,,,,,,,,,,,,,
Net Operating Interest Income,-20.78M,-21.57M,-22.11M,-22.02M,-21.97M,-21.84M,-20.97M,-21.17M,-21.66M,-20.74M,-20.65M,-20.70M,-20.02M,-20.31M,-20.64M,-21.07M,-20.56M,-20.28M,-20.66M,-20.44M,-19.95M,-19.87M,-19.94M,-20.04M,-20.10M,-20.80M,-20.65M,-19.49M,-19.83M,-19.40M,-17.44M,-17.20M,-17.55M,-17.45M,-17.57M,-18.96M,-19.99M,-18.74M,-17.39M,-18.99M,-18.57M,-18.60M,-18.16M,-17.48M,-19.99M,-18.54M,-17.06M,-17.47M,,,,,,,,,,,,,,,,,,,,,,,,,,,,,,,,,,,,,,,,,,,,,,,,,,,,,,,,,,,,,,,,,,,,,,,,,,,,,,,,,,,,,,,,,,,,,,,,
Other Operating Expenses,11.53M,9.498M,12.55M,11.28M,11.14M,10.48M,9.879M,8.774M,13.87M,11.14M,11.62M,7.63M,-2.265M,12.67M,12.38M,9.947M,14.47M,11.24M,11.73M,8.217M,12.67M,8.949M,11.31M,8.494M,8.561M,9.536M,23.37M,8.316M,8.531M,11.48M,11.24M,8.088M,-19.50M,8.922M,0.913M,1.054M,52.61M,1.462M,95.49M,112.56M,3.04M,1.879M,0.872M,0.624M,-0.285M,0.986M,0.794M,1.048M,6.427M,5.92M,3.13M,2.588M,-20.14M,-51.70M,,3.818M,-10.70M,-6.545M,3.229M,11.28M,-25.27M,26.78M,18.03M,8.821M,8.499M,-11.52M,34.80M,55.57M,-78.22M,78.00M,431.00M,459.00M,198.88M,-14.00M,1.295B,53.00M,1.957B,41.79M,19.53M,-3.896M,637.00M,21.84M,47.39M,41.77M,48.28M,33.12M,52.42M,33.42M,35.82M,26.76M,40.18M,28.67M,27.32M,20.82M,37.61M,40.06M,32.52M,30.19M,40.58M,30.72M,30.42M,26.82M,25.17M,28.85M,,,,,,,,,,,,,,,,,,,,,,,,,,,,,,,,,,,,,,,,
Total Operating Expenses,72.69M,60.93M,63.10M,62.37M,76.51M,61.06M,60.34M,58.12M,72.85M,60.01M,65.71M,53.07M,53.35M,57.00M,56.38M,54.30M,57.39M,54.17M,54.24M,50.78M,53.42M,50.76M,52.50M,49.47M,48.93M,49.09M,63.66M,48.40M,47.97M,50.10M,48.97M,46.73M,-222.48M,130.90M,123.26M,108.39M,-130.16M,108.18M,205.15M,218.92M,149.89M,105.29M,107.38M,100.19M,120.84M,102.57M,105.92M,100.03M,106.64M,105.76M,112.27M,102.74M,70.56M,40.04M,,95.50M,76.26M,88.59M,99.44M,96.53M,79.03M,119.85M,111.88M,93.42M,73.81M,80.43M,130.35M,142.15M,-11.30M,165.00M,518.00M,540.00M,298.42M,76.00M,1.382B,128.00M,2.082B,116.37M,96.73M,65.66M,838.20M,57.42M,83.97M,74.41M,80.91M,68.22M,88.49M,66.69M,71.46M,62.15M,77.34M,62.33M,61.17M,56.53M,69.81M,71.39M,61.96M,62.54M,73.28M,62.58M,59.98M,60.17M,58.04M,60.70M,,,,,,,,,,,,,,,,,,,,,,,,,,,,,,,,,,,,,,,,
Operating Income,43.29M,114.16M,71.78M,58.12M,32.48M,115.23M,82.84M,50.59M,45.11M,123.71M,81.91M,53.63M,53.08M,97.93M,76.95M,43.82M,48.55M,104.66M,85.98M,42.90M,27.59M,105.72M,71.81M,48.58M,37.34M,115.56M,79.41M,59.43M,36.99M,109.28M,56.47M,39.86M,-0.431M,71.39M,34.30M,50.09M,32.17M,88.99M,-58.14M,-77.67M,38.87M,79.60M,49.47M,35.63M,23.80M,81.58M,40.53M,44.76M,23.80M,46.06M,35.69M,43.78M,29.28M,56.63M,242.64M,46.48M,42.30M,47.90M,28.14M,34.90M,43.42M,18.93M,15.41M,36.19M,-25.92M,55.91M,14.00M,30.64M,3.64M,17.00M,8.00M,55.00M,36.29M,65.00M,73.00M,68.00M,34.49M,82.57M,64.82M,79.80M,47.50M,39.94M,39.72M,59.83M,41.68M,44.04M,39.10M,55.77M,36.01M,43.88M,41.78M,59.07M,40.16M,41.78M,46.74M,58.49M,45.12M,45.64M,38.68M,46.55M,44.66M,33.61M,33.98M,37.41M,135.50M,134.60M,129.50M,140.80M,129.90M,129.00M,124.70M,114.50M,122.10M,129.60M,110.90M,120.60M,117.90M,125.60M,109.40M,112.00M,116.50M,128.20M,119.10M,132.40M,99.40M,111.60M,98.40M,102.90M,91.20M,107.90M,94.20M,101.30M,90.40M,103.10M,98.30M,117.10M,106.30M,116.90M,106.40M,121.60M,110.40M,116.90M,94.90M,105.60M
Non-Operating Interest Income,,,,,,,,,,,,,,,,,,,,,,,,,,,,,,,,,,2.053M,,1.888M,,1.39M,2.038M,,,,,,,,,,,,,,,,,,,,,,,,,,,,,,,,,,,,,,,,,,,,,,,,,,,,,,,,,,,,,,,,,,,,,,,,,,,,,,,,,,,,,,,,,,,,,,,,,,,,,,,,,
Non-Operating Interest Expense,20.78M,21.57M,22.11M,22.02M,21.97M,21.84M,20.97M,21.17M,21.66M,20.74M,20.65M,20.70M,20.02M,20.31M,20.64M,21.07M,20.56M,20.28M,20.66M,20.44M,19.95M,19.87M,19.94M,20.04M,20.10M,20.80M,20.65M,19.49M,19.83M,19.40M,17.44M,17.20M,11.68M,19.50M,17.57M,20.85M,16.11M,20.14M,19.43M,18.99M,18.57M,18.60M,18.16M,17.48M,19.99M,18.54M,17.06M,17.47M,,,,,,,,,,,,,,,,,,,,,,,,,,,,,,,,,,,,,,,,,,,,,,,,,,,,,,,,,,,,,,,,,,,,,,,,,,,,,,,,,,,,,,,,,,,,,,,,
Net Non-Operating Interest Income Expense,-20.78M,-21.57M,-22.11M,-22.02M,-21.97M,-21.84M,-20.97M,-21.17M,-21.66M,-20.74M,-20.65M,-20.70M,-20.02M,-20.31M,-20.64M,-21.07M,-20.56M,-20.28M,-20.66M,-20.44M,-19.95M,-19.87M,-19.94M,-20.04M,-20.10M,-20.80M,-20.65M,-19.49M,-19.83M,-19.40M,-17.44M,-17.20M,-17.55M,-17.45M,-17.57M,-18.96M,-19.99M,-18.74M,-17.39M,-18.99M,-18.57M,-18.60M,-18.16M,-17.48M,-19.99M,-18.54M,-17.06M,-17.47M,,,,,,,,,,,,,,,,,,,,,,,,,,,,,,,,,,,,,,,,,,,,,,,,,,,,,,,,,,,,,,,,,,,,,,,,,,,,,,,,,,,,,,,,,,,,,,,,
Other Income and Expenses,22.56M,12.79M,10.76M,10.85M,19.23M,13.06M,7.831M,9.589M,18.80M,10.41M,5.777M,6.262M,7.899M,20.94M,8.794M,7.147M,10.16M,12.40M,10.52M,6.988M,9.808M,12.25M,7.221M,7.35M,19.55M,11.56M,5.558M,7.141M,14.50M,6.298M,6.969M,10.50M,30.04M,8.095M,0.594M,3.244M,12.55M,6.992M,3.392M,2.103M,-0.232M,7.435M,1.438M,7.323M,-5.575M,4.68M,1.024M,-0.295M,3.494M,4.053M,1.622M,0.851M,-6.268M,1.34M,,3.198M,-1.287M,2.723M,1.072M,3.833M,-6.687M,4.027M,9.859M,2.81M,39.35M,-6.655M,1.373M,-16.60M,-2.17M,-2.00M,1.00M,-3.00M,11.29M,5.00M,3.00M,2.00M,18.08M,-3.357M,-0.523M,2.117M,-3.87M,8.90M,8.989M,2.983M,2.803M,7.079M,6.701M,1.773M,10.47M,2.123M,2.256M,3.389M,2.471M,3.561M,3.115M,3.342M,4.307M,4.747M,3.374M,1.944M,2.074M,3.618M,2.258M,2.53M,,,,,,,,,,,,,,,,,,,,,,,,,,,,,,,,,,,,,,,,
Net Interest Income,-20.78M,-21.57M,-22.11M,-22.02M,-21.97M,-21.84M,-20.97M,-21.17M,-21.66M,-20.74M,-20.65M,-20.70M,-20.02M,-20.31M,-20.64M,-21.07M,-20.56M,-20.28M,-20.66M,-20.44M,-19.95M,-19.87M,-19.94M,-20.04M,-20.10M,-20.80M,-20.65M,-19.49M,-19.83M,-19.40M,-17.44M,-17.20M,-17.55M,-17.45M,-17.57M,-18.96M,-19.99M,-18.74M,-17.39M,-18.99M,-18.57M,-18.60M,-18.16M,-17.48M,-19.99M,-18.54M,-17.06M,-17.47M,,,,,,,,,,,,,,,,,,,,,,,,,,,,,,,,,,,,,,,,,,,,,,,,,,,,,,,,,,,,,,,,,,,,,,,,,,,,,,,,,,,,,,,,,,,,,,,,
Pre-Tax Income,45.07M,105.38M,60.43M,46.95M,29.75M,106.46M,69.70M,39.00M,42.25M,113.37M,67.04M,39.19M,40.96M,98.55M,65.11M,29.90M,38.16M,96.79M,75.83M,29.46M,17.44M,98.10M,59.09M,35.89M,36.80M,106.33M,64.32M,47.08M,31.66M,96.17M,46.01M,33.15M,12.05M,62.04M,17.32M,34.38M,24.72M,77.24M,22.61M,17.16M,20.07M,68.44M,32.74M,25.48M,-1.761M,67.72M,24.50M,26.99M,11.14M,33.49M,21.90M,29.48M,7.313M,43.18M,,34.56M,25.84M,35.71M,14.11M,24.20M,16.87M,8.297M,9.613M,24.34M,-4.87M,34.28M,,,-15.48M,-2.00M,-6.00M,34.00M,28.86M,51.00M,58.00M,52.00M,33.29M,63.40M,48.73M,65.58M,26.44M,32.59M,31.77M,46.20M,28.37M,34.70M,29.56M,41.18M,25.81M,31.86M,29.17M,46.74M,20.96M,30.75M,35.86M,47.68M,35.62M,36.21M,28.54M,34.96M,33.48M,24.44M,23.58M,27.67M,,,,,,,,,,,,,,,,,,,,,,,,,,,,,,,,,,,,,,,,
Provision for Income Taxes,-1.999M,15.16M,7.028M,4.316M,3.52M,3.868M,7.105M,2.894M,3.24M,22.30M,16.94M,6.183M,7.807M,15.54M,8.721M,4.367M,6.484M,23.52M,9.642M,6.111M,-17.20M,10.87M,14.39M,8.707M,9.285M,33.22M,17.68M,12.04M,10.99M,3.91M,10.57M,8.333M,-0.218M,-45.37M,-3.652M,4.888M,4.479M,10.12M,-16.63M,1.305M,-3.338M,13.73M,5.175M,6.796M,-9.135M,15.81M,6.941M,5.584M,0.84M,4.555M,3.437M,4.898M,-10.64M,10.69M,,7.607M,4.323M,9.752M,1.513M,1.134M,-0.371M,-20.89M,-3.379M,4.685M,-8.624M,-12.50M,,,-12.15M,-39.00M,-9.00M,9.00M,8.646M,17.00M,22.00M,17.00M,9.454M,21.84M,16.21M,23.50M,8.201M,10.57M,10.52M,16.70M,9.90M,12.39M,9.213M,13.12M,10.27M,10.72M,9.126M,16.36M,10.20M,11.60M,12.83M,17.47M,10.79M,12.44M,10.95M,14.23M,10.13M,8.15M,6.554M,9.406M,,,,,,,,,,,,,,,,,,,,,,,,,,,,,,,,,,,,,,,,
Income from Continuing Operations,47.07M,90.22M,53.40M,42.64M,26.23M,102.59M,62.59M,36.11M,39.01M,91.08M,50.10M,33.01M,33.15M,83.02M,56.39M,25.53M,31.67M,73.27M,66.19M,23.34M,34.64M,87.23M,44.70M,27.18M,27.51M,73.10M,46.64M,35.04M,20.67M,92.26M,35.44M,24.82M,12.27M,107.41M,20.98M,29.49M,20.24M,67.12M,39.24M,15.86M,23.41M,54.71M,27.57M,18.69M,7.374M,51.91M,17.56M,21.40M,10.30M,28.93M,18.46M,24.58M,17.96M,32.49M,22.67M,26.96M,21.52M,25.96M,12.59M,23.07M,17.24M,29.18M,12.99M,19.66M,3.754M,46.78M,-0.879M,-2.204M,-3.328M,37.00M,3.00M,25.00M,20.21M,34.00M,36.00M,35.00M,23.84M,41.56M,32.52M,42.08M,18.24M,22.02M,21.24M,29.50M,18.47M,22.30M,20.35M,28.05M,15.54M,21.14M,20.04M,30.38M,10.76M,19.15M,23.03M,30.21M,24.83M,23.77M,17.59M,20.73M,23.35M,16.29M,17.03M,18.26M,28.30M,16.40M,18.50M,21.30M,19.10M,15.10M,12.40M,13.40M,15.40M,16.70M,10.00M,15.80M,20.60M,17.60M,14.20M,16.90M,20.20M,19.70M,20.20M,24.60M,19.40M,13.70M,5.80M,10.20M,5.60M,17.90M,8.20M,16.50M,17.20M,22.10M,15.40M,23.70M,18.30M,19.40M,17.50M,29.60M,24.40M,22.50M,23.80M,29.30M
Income from Discontinued Operations,,,,,,,,,,,,,,,,,,,,,,,,,,,,,,,,,,,,,,,,,,,,,,,,,0.00,,,0.067M,0.127M,11.50M,2.817M,-1.479M,-13.99M,-2.344M,3.142M,,,,,,,,,,,,,,,,,,,,,,,,,,,,,,,,,,,,,,,,,,,,,,,,,,,,,,,,,,,,,,,,,,,,,,,,,,,,,,,,,,,,,
Income Attributable to Minority Interest,0.063M,-0.342M,-0.244M,0.049M,-0.089M,-0.36M,-0.305M,0.031M,-0.159M,-0.442M,-0.265M,0.096M,0.059M,0.083M,-0.14M,0.199M,0.159M,0.069M,-0.11M,0.086M,0.009M,-0.345M,-0.157M,0.219M,0.092M,0.015M,-0.137M,0.153M,0.047M,-0.195M,-0.137M,0.112M,0.001M,-0.347M,-0.076M,0.252M,0.15M,0.01M,-0.028M,0.206M,0.101M,-0.229M,-0.095M,0.198M,0.071M,-0.173M,-0.04M,0.311M,,,,,,,,,,,,,,,,-0.854M,,,,,,,,,,,,,,,,,,,,,,,,,,,,,,,,,,,,,,,,,,,,,,,,,,,,,,,,,,,,,,,,,,,,,,,,,,,,,,,,
Preferred Stock Dividend,,,,,,,,,,,,,,,,,,,,,,,,,,,,,,,,,,,,,,,,,,,,,,,,,,,,,,,,,,,,,0.00,3.116M,,,2.562M,,,0.868M,,,,,,,,,,,,,,,,,,,,,1.695M,1.422M,0.665M,1.394M,1.631M,1.954M,1.927M,1.952M,1.982M,1.976M,2.006M,2.026M,1.928M,1.862M,1.819M,1.789M,,,,,,,,,,,,,,,,,,,,,,,,,,,,,,,,,,,,,,,,
Net Income,47.14M,89.88M,53.16M,42.69M,26.14M,102.23M,62.29M,36.14M,38.85M,90.63M,49.83M,33.10M,33.21M,83.10M,56.25M,25.73M,31.83M,73.34M,66.08M,23.43M,34.65M,86.89M,44.54M,27.40M,27.60M,73.12M,46.50M,35.19M,20.72M,92.07M,35.30M,24.93M,12.27M,107.07M,20.90M,29.74M,20.39M,67.14M,39.21M,16.06M,23.51M,54.48M,27.48M,18.88M,7.445M,51.74M,17.52M,21.72M,10.30M,28.93M,18.46M,24.65M,18.08M,43.99M,25.49M,25.48M,7.526M,23.62M,15.74M,23.07M,9.443M,29.18M,12.99M,19.66M,3.754M,46.78M,-0.879M,-2.204M,-3.328M,37.00M,3.00M,25.00M,20.21M,34.00M,36.00M,35.00M,23.84M,41.56M,32.52M,42.08M,18.24M,22.02M,21.24M,29.50M,18.47M,22.30M,20.35M,28.05M,15.54M,21.14M,20.04M,30.38M,10.76M,19.15M,23.03M,30.21M,24.83M,23.77M,17.59M,20.73M,23.35M,16.29M,17.03M,18.26M,28.30M,16.40M,18.50M,21.30M,19.10M,15.10M,12.40M,13.40M,15.40M,16.70M,10.00M,15.80M,20.60M,17.60M,14.20M,16.90M,20.20M,19.70M,20.20M,24.60M,19.40M,13.70M,5.80M,10.20M,5.60M,17.90M,8.20M,16.50M,17.20M,22.10M,15.40M,23.70M,18.30M,19.40M,17.50M,29.60M,24.40M,22.50M,23.80M,29.30M
Normalized Income,38.84M,84.05M,47.24M,36.91M,18.15M,96.40M,56.91M,30.56M,33.02M,86.05M,45.64M,28.69M,26.36M,78.10M,51.71M,21.47M,25.77M,69.06M,61.39M,19.32M,30.80M,82.76M,41.17M,24.31M,24.61M,70.55M,43.94M,32.50M,18.46M,88.67M,29.27M,19.23M,5.349M,103.16M,17.62M,25.84M,15.96M,64.05M,37.25M,11.92M,22.57M,50.83M,24.06M,13.81M,14.11M,50.18M,16.78M,18.75M,7.065M,25.43M,17.10M,23.87M,21.72M,31.48M,22.67M,24.46M,22.59M,23.98M,11.64M,19.41M,21.25M,26.77M,7.077M,17.39M,-19.86M,50.77M,-1.703M,7.758M,-2.026M,38.20M,2.40M,27.21M,12.30M,30.67M,34.14M,33.65M,10.89M,43.76M,32.87M,40.72M,20.91M,16.01M,15.23M,27.60M,16.64M,17.75M,15.74M,26.84M,9.233M,19.73M,18.49M,28.18M,9.278M,16.93M,21.03M,28.09M,21.83M,20.66M,15.51M,19.56M,21.90M,13.88M,15.40M,16.59M,28.30M,16.40M,18.50M,21.30M,19.10M,15.10M,12.40M,13.40M,15.40M,16.70M,10.00M,15.80M,20.60M,17.60M,14.20M,16.90M,,,,,,,,,,,,,,,,,,,,,,,,
EBITDA,110.26M,170.69M,124.83M,112.33M,94.87M,170.96M,132.94M,101.21M,104.79M,175.25M,133.87M,97.62M,98.11M,155.84M,122.78M,87.11M,94.99M,152.86M,131.95M,84.95M,72.12M,152.48M,113.00M,89.82M,91.14M,160.63M,117.79M,99.77M,84.19M,148.55M,94.50M,82.23M,55.74M,112.80M,64.69M,86.82M,71.42M,127.61M,72.62M,66.58M,70.76M,118.09M,78.06M,71.24M,44.17M,113.10M,68.17M,75.24M,52.88M,76.95M,65.80M,74.07M,60.99M,87.22M,272.38M,77.07M,73.35M,79.34M,59.16M,65.51M,84.16M,44.16M,46.60M,66.86M,5.346M,87.97M,47.36M,63.02M,35.47M,52.00M,37.00M,82.00M,65.29M,93.00M,101.00M,94.00M,64.49M,108.07M,89.17M,103.95M,73.59M,61.14M,64.06M,83.21M,65.93M,63.37M,61.00M,77.42M,56.35M,64.70M,61.70M,78.47M,57.64M,59.43M,63.92M,75.88M,62.39M,62.67M,55.12M,63.23M,57.20M,49.71M,49.51M,53.44M,135.50M,134.60M,129.50M,140.80M,129.90M,129.00M,124.70M,114.50M,122.10M,129.60M,110.90M,120.60M,117.90M,125.60M,109.40M,112.00M,116.50M,128.20M,119.10M,132.40M,99.40M,111.60M,98.40M,102.90M,91.20M,107.90M,94.20M,101.30M,90.40M,103.10M,98.30M,117.10M,106.30M,116.90M,106.40M,121.60M,110.40M,116.90M,94.90M,105.60M
Reconciled Depreciation,44.41M,43.74M,42.29M,43.36M,43.15M,42.66M,42.28M,41.03M,40.88M,41.14M,46.18M,37.73M,37.13M,36.98M,37.04M,36.14M,36.28M,35.79M,35.45M,35.06M,34.72M,34.51M,33.97M,33.89M,34.24M,33.51M,32.83M,33.20M,32.71M,32.98M,31.05M,31.88M,32.01M,31.26M,29.80M,31.59M,30.59M,30.23M,30.59M,30.44M,32.12M,31.05M,27.15M,28.28M,25.94M,26.85M,26.27M,30.78M,29.08M,30.89M,30.11M,30.29M,31.71M,30.59M,29.74M,30.60M,31.06M,31.43M,31.02M,30.61M,40.74M,21.59M,31.19M,30.67M,31.27M,32.06M,33.36M,32.38M,31.83M,35.00M,29.00M,27.00M,29.00M,28.00M,28.00M,26.00M,30.00M,25.51M,24.35M,24.14M,26.09M,21.20M,24.33M,23.38M,24.25M,19.33M,21.91M,21.65M,20.34M,20.82M,19.92M,19.40M,17.48M,17.65M,17.18M,17.40M,17.27M,17.03M,16.44M,16.67M,12.54M,16.10M,15.53M,16.03M,,,,,,,,,,,,,,,,,,,,,,,,,,,,,,,,,,,,,,,,
EBIT,65.85M,126.95M,82.54M,68.97M,51.72M,128.30M,90.67M,60.18M,63.91M,134.11M,87.68M,59.89M,60.98M,118.86M,85.75M,50.96M,58.71M,117.07M,96.50M,49.89M,37.39M,117.97M,79.03M,55.93M,56.89M,127.12M,84.96M,66.57M,51.49M,115.58M,63.44M,50.36M,23.73M,81.54M,34.89M,55.22M,40.83M,97.38M,42.04M,36.15M,38.64M,87.04M,50.91M,42.96M,18.23M,86.26M,41.55M,44.46M,23.80M,46.06M,35.69M,43.78M,29.28M,56.63M,242.64M,46.48M,42.30M,47.90M,28.14M,34.90M,43.42M,18.93M,15.41M,36.19M,-25.92M,55.91M,14.00M,30.64M,3.64M,17.00M,8.00M,55.00M,36.29M,65.00M,73.00M,68.00M,34.49M,82.57M,64.82M,79.80M,47.50M,39.94M,39.72M,59.83M,41.68M,44.04M,39.10M,55.77M,36.01M,43.88M,41.78M,59.07M,40.16M,41.78M,46.74M,58.49M,45.12M,45.64M,38.68M,46.55M,44.66M,33.61M,33.98M,37.41M,135.50M,134.60M,129.50M,140.80M,129.90M,129.00M,124.70M,114.50M,122.10M,129.60M,110.90M,120.60M,117.90M,125.60M,109.40M,112.00M,116.50M,128.20M,119.10M,132.40M,99.40M,111.60M,98.40M,102.90M,91.20M,107.90M,94.20M,101.30M,90.40M,103.10M,98.30M,117.10M,106.30M,116.90M,106.40M,121.60M,110.40M,116.90M,94.90M,105.60M
EPS Basic from Continuing Operations,0.93,1.78,1.05,0.85,0.52,2.03,1.24,0.72,0.77,1.80,0.99,0.66,0.66,1.65,1.12,0.51,0.64,1.46,1.32,0.47,0.69,1.73,0.89,0.55,0.55,1.46,0.93,0.70,0.42,1.84,0.71,0.50,0.25,2.16,0.42,0.60,0.41,1.40,0.82,0.34,0.49,1.16,0.59,0.40,0.15,1.15,0.39,0.48,0.22,0.65,0.42,0.56,0.41,0.76,0.53,0.63,0.51,0.61,0.30,0.55,0.56,0.68,0.34,0.51,0.10,1.22,-0.02,-0.08,-0.09,0.98,0.08,0.66,0.3897,0.91,0.96,0.93,0.63,1.11,0.86,1.12,0.50,0.59,0.56,0.78,0.49,0.59,0.54,0.75,0.51,0.52,0.52,0.77,0.45,0.45,0.56,0.75,0.61,0.58,0.41,0.50,0.57,0.38,0.41,0.44,0.72,0.40,0.47,0.55,0.50,0.38,0.32,0.35,0.41,0.46,0.26,0.43,0.57,0.49,0.39,0.46,,0.55,0.56,0.69,,0.37,0.14,0.27,,0.50,0.21,0.45,,0.58,0.36,0.61,,0.48,0.43,0.80,,0.59,0.62,0.78
EPS Basic from Discontinued Operations,,,,,,,,,,,,,,,,,,,,,,,,,,,,,,,,,,0.00,0.00,0.00,,0.00,0.00,0.00,0.00,0.00,0.00,0.00,0.00,0.00,0.00,0.00,0.00,0.00,0.00,0.00,0.00,0.27,-0.06,-0.03,-0.33,-0.05,-0.08,0.00,-0.20,0.00,0.00,0.00,0.00,0.00,0.00,0.00,0.00,0.00,0.00,0.00,,0.00,0.00,0.00,0.00,0.00,0.00,0.00,0.00,0.00,0.00,0.00,0.00,0.00,0.00,0.00,0.00,0.00,0.00,0.00,0.00,0.00,0.00,0.00,0.00,0.00,0.00,0.00,0.00,0.00,0.00,0.00,0.00,0.00,0.00,0.00,0.00,0.00,0.00,0.00,0.00,0.00,0.00,0.00,0.00,0.00,0.00,0.00,,0.00,0.00,0.00,,0.00,0.00,0.00,,0.00,0.00,0.00,,0.00,0.00,0.00,,0.00,0.00,0.00,,0.00,0.00,0.00
Normalized Basic EPS,0.7658,1.665,0.9328,0.7357,0.3615,1.914,1.133,0.6092,0.6541,1.709,0.9067,0.5724,0.5238,1.551,1.030,0.4254,0.5193,1.375,1.227,0.3881,0.6133,1.648,0.8227,0.4882,0.4903,1.409,0.8789,0.6462,0.3748,1.772,0.5892,0.3856,0.1104,2.081,0.3537,0.5209,0.3195,1.336,0.7791,0.2533,0.4702,1.082,0.5172,0.2916,0.2950,1.115,0.3737,0.4140,0.1478,0.5712,0.3887,0.5438,0.4972,0.7364,0.53,0.5713,0.5353,0.5632,0.2773,0.4634,0.6988,0.6167,0.1851,0.4506,-0.5153,1.325,-0.0415,0.1808,-0.0559,1.012,0.0641,0.7187,0.1792,0.8208,0.9102,0.8940,0.2874,1.169,0.8693,1.084,0.5710,0.4301,0.4002,0.7294,0.4415,0.4690,0.4174,0.7179,0.3424,0.4825,0.4788,0.7114,0.4106,0.3910,0.5068,0.6937,0.5302,0.4972,0.3547,0.4690,0.5315,0.3159,0.3665,0.3952,0.72,0.40,0.47,0.55,0.50,0.38,0.32,0.35,0.41,0.46,0.26,0.43,0.57,0.49,0.39,0.46,,0.55,0.56,0.69,,0.37,0.14,0.27,,0.50,0.21,0.45,,0.58,0.36,0.61,,0.48,0.43,0.80,,0.59,0.62,0.78
EPS Basic,0.93,1.78,1.05,0.85,0.52,2.03,1.24,0.72,0.77,1.80,0.99,0.66,0.66,1.65,1.12,0.51,0.64,1.46,1.32,0.47,0.69,1.73,0.89,0.55,0.55,1.46,0.93,0.70,0.42,1.84,0.71,0.50,0.25,2.16,0.42,0.60,0.41,1.40,0.82,0.34,0.49,1.16,0.59,0.40,0.15,1.15,0.39,0.48,0.22,0.65,0.42,0.56,0.41,1.03,0.47,0.60,0.18,0.56,0.22,0.55,0.36,0.68,0.34,0.51,0.10,1.22,-0.02,-0.08,-0.09,0.98,0.08,0.66,0.3897,0.91,0.96,0.93,0.63,1.11,0.86,1.12,0.50,0.59,0.56,0.78,0.49,0.59,0.54,0.75,0.51,0.52,0.52,0.77,0.45,0.45,0.56,0.75,0.61,0.58,0.41,0.50,0.57,0.38,0.41,0.44,0.72,0.40,0.47,0.55,0.50,0.38,0.32,0.35,0.41,0.46,0.26,0.43,0.57,0.49,0.39,0.46,,0.55,0.56,0.69,,0.37,0.14,0.27,,0.50,0.21,0.45,,0.58,0.36,0.61,,0.48,0.43,0.80,,0.59,0.62,0.78
EPS Diluted from Continuing Operations,0.93,1.78,1.05,0.84,0.52,2.02,1.23,0.72,0.77,1.80,0.99,0.66,0.66,1.65,1.12,0.51,0.63,1.46,1.31,0.47,0.69,1.73,0.89,0.55,0.55,1.46,0.93,0.70,0.41,1.84,0.71,0.50,0.24,2.16,0.42,0.60,0.40,1.39,0.82,0.34,0.49,1.16,0.58,0.40,0.1487,1.14,0.39,0.48,0.22,0.65,0.42,0.56,0.41,0.7580,0.53,0.63,0.50,0.61,0.30,0.55,0.2237,0.68,0.34,0.51,0.0312,1.22,-0.02,-0.08,-0.09,0.98,0.08,0.66,0.3897,0.91,0.96,0.93,0.63,1.11,0.86,1.12,0.50,0.59,0.56,0.78,0.49,0.59,0.54,0.75,0.51,0.52,0.52,0.77,0.45,0.45,0.56,0.75,0.61,0.58,0.41,0.50,0.57,0.38,0.41,0.44,0.72,0.40,0.47,0.55,0.50,0.38,0.32,0.35,0.41,0.46,0.26,0.43,0.57,0.49,0.39,0.46,,0.55,0.56,0.69,,0.37,0.14,0.27,,0.50,0.21,0.45,,0.58,0.36,0.61,,0.48,0.43,0.80,,0.59,0.62,0.78
EPS Diluted from Discontinued Operations,,,,,,,,,,,,,,,,,,,,,,,,,,,,,,,,,,0.00,0.00,0.00,,0.00,0.00,0.00,0.00,0.00,0.00,0.00,0.00,0.00,0.00,0.00,0.00,0.00,0.00,0.00,0.00,0.2682,-0.06,-0.0347,-0.33,-0.05,-0.08,0.00,,0.00,0.00,0.00,,0.00,0.00,0.00,0.00,0.00,0.00,0.00,0.00,0.00,0.00,0.00,,0.00,0.00,0.00,0.00,0.00,0.00,0.00,0.00,0.00,0.00,0.00,0.00,0.00,0.00,0.00,0.00,0.00,0.00,0.00,0.00,0.00,0.00,0.00,0.00,0.00,0.00,0.00,0.00,0.00,0.00,0.00,0.00,0.00,0.00,0.00,0.00,0.00,0.00,0.00,0.00,0.00,0.00,0.00,,0.00,0.00,0.00,,0.00,0.00,0.00,,0.00,0.00,0.00,,0.00,0.00,0.00,,0.00,0.00,0.00,,0.00,0.00,0.00
Normalized Diluted EPS,0.7660,1.665,0.9328,0.7258,0.3618,1.905,1.124,0.6093,0.6544,1.709,0.9068,0.5725,0.5241,1.551,1.030,0.4254,0.5095,1.375,1.217,0.3882,0.6135,1.648,0.8228,0.4883,0.4904,1.409,0.8789,0.6462,0.3649,1.772,0.5893,0.3857,0.1008,2.081,0.3538,0.5210,0.3098,1.326,0.7793,0.2535,0.4703,1.083,0.5073,0.2917,0.2933,1.105,0.3737,0.4141,0.1481,0.5714,0.3888,0.5438,0.4967,0.7345,0.53,0.5715,0.5252,0.5633,0.2774,0.4634,0.3187,0.6167,0.1851,0.4506,-0.5841,1.325,-0.0415,0.1808,-0.0559,1.012,0.0641,0.7187,0.1792,0.8208,0.9102,0.8940,0.2874,1.169,0.8693,1.084,0.5710,0.4301,0.4002,0.7294,0.4415,0.4690,0.4174,0.7179,0.3424,0.4825,0.4788,0.7114,0.4106,0.3910,0.5068,0.6937,0.5302,0.4972,0.3547,0.4690,0.5315,0.3159,0.3665,0.3952,0.72,0.40,0.47,0.55,0.50,0.38,0.32,0.35,0.41,0.46,0.26,0.43,0.57,0.49,0.39,0.46,,0.55,0.56,0.69,,0.37,0.14,0.27,,0.50,0.21,0.45,,0.58,0.36,0.61,,0.48,0.43,0.80,,0.59,0.62,0.78
EPS Diluted,0.93,1.78,1.05,0.84,0.52,2.02,1.23,0.72,0.77,1.80,0.99,0.66,0.66,1.65,1.12,0.51,0.63,1.46,1.31,0.47,0.69,1.73,0.89,0.55,0.55,1.46,0.93,0.70,0.41,1.84,0.71,0.50,0.24,2.16,0.42,0.60,0.40,1.39,0.82,0.34,0.49,1.16,0.58,0.40,0.1487,1.14,0.39,0.48,0.22,0.65,0.42,0.56,0.41,1.026,0.47,0.5980,0.17,0.56,0.22,0.55,0.2237,0.68,0.34,0.51,0.0312,1.22,-0.02,-0.08,-0.09,0.98,0.08,0.66,0.3897,0.91,0.96,0.93,0.63,1.11,0.86,1.12,0.50,0.59,0.56,0.78,0.49,0.59,0.54,0.75,0.51,0.52,0.52,0.77,0.45,0.45,0.56,0.75,0.61,0.58,0.41,0.50,0.57,0.38,0.41,0.44,0.72,0.40,0.47,0.55,0.50,0.38,0.32,0.35,0.41,0.46,0.26,0.43,0.57,0.49,0.39,0.46,,0.55,0.56,0.69,,0.37,0.14,0.27,,0.50,0.21,0.45,,0.58,0.36,0.61,,0.48,0.43,0.80,,0.59,0.62,0.78
Average Basic Shares Outstanding,50.50M,50.50M,50.50M,50.51M,50.44M,50.43M,50.44M,50.42M,50.36M,50.36M,50.36M,50.36M,50.30M,50.30M,50.30M,50.30M,50.22M,50.22M,50.22M,50.22M,50.13M,50.13M,50.13M,50.13M,50.06M,50.06M,50.06M,50.04M,49.97M,49.97M,49.93M,49.86M,49.60M,49.52M,49.42M,49.29M,49.02M,48.09M,47.89M,47.77M,47.64M,47.07M,46.96M,46.83M,45.94M,45.13M,45.05M,44.95M,44.76M,44.42M,43.75M,43.69M,43.14M,42.68M,42.56M,42.47M,42.38M,42.29M,42.23M,42.21M,28.92M,38.19M,38.19M,38.20M,38.38M,38.20M,38.25M,38.19M,38.16M,37.77M,37.66M,37.56M,37.58M,37.35M,37.41M,37.42M,37.79M,37.52M,37.61M,37.61M,37.61M,37.61M,37.61M,37.61M,37.61M,37.61M,37.61M,37.61M,37.61M,37.61M,37.61M,37.61M,37.61M,37.61M,37.61M,37.61M,37.61M,37.61M,37.61M,37.61M,37.61M,37.61M,37.52M,37.25M,36.87M,37.00M,36.60M,36.36M,35.79M,36.32M,34.38M,34.29M,33.38M,33.91M,34.23M,34.19M,34.27M,33.67M,33.59M,34.35M,33.98M,33.98M,33.98M,33.98M,33.98M,33.98M,33.98M,33.98M,33.98M,33.98M,33.98M,33.98M,33.98M,33.98M,33.98M,33.86M,33.86M,33.57M,33.40M,33.25M,33.25M,32.93M,32.75M,32.72M
Average Diluted Shares Outstanding,50.56M,50.56M,50.51M,50.52M,50.53M,50.56M,50.48M,50.46M,50.47M,50.42M,50.41M,50.40M,50.41M,50.39M,50.36M,50.34M,50.32M,50.32M,50.26M,50.26M,50.24M,50.22M,50.16M,50.18M,50.18M,50.15M,50.11M,50.06M,50.07M,50.08M,49.98M,49.90M,49.74M,49.62M,49.52M,49.36M,49.17M,48.25M,48.05M,47.88M,47.73M,47.14M,46.98M,46.88M,46.07M,45.25M,45.16M,45.05M,44.92M,44.54M,43.88M,43.82M,43.37M,42.86M,42.70M,42.60M,42.49M,42.38M,42.29M,42.21M,42.22M,38.19M,38.19M,38.20M,38.38M,38.20M,38.25M,38.19M,38.16M,37.77M,37.66M,37.56M,37.58M,37.35M,37.41M,37.42M,37.79M,37.52M,37.61M,37.61M,37.61M,37.61M,37.61M,37.61M,37.61M,37.61M,37.61M,37.61M,37.61M,37.61M,37.61M,37.61M,37.61M,37.61M,37.61M,37.61M,37.61M,37.61M,37.61M,37.61M,37.61M,37.61M,37.52M,37.25M,36.87M,37.00M,36.60M,36.36M,35.79M,36.32M,34.38M,34.29M,33.38M,33.91M,34.23M,34.19M,34.27M,33.67M,33.59M,34.35M,33.98M,33.98M,33.98M,33.98M,33.98M,33.98M,33.98M,33.98M,33.98M,33.98M,33.98M,33.98M,33.98M,33.98M,33.98M,33.86M,33.86M,33.57M,33.40M,33.25M,33.25M,32.93M,32.75M,32.72M
Dividend Per Share,0.67,0.63,0.63,0.63,0.63,0.59,0.59,0.59,0.59,0.55,0.55,0.55,0.55,0.51,0.51,0.51,0.51,0.47,0.47,0.47,0.47,0.43,0.43,0.43,0.43,0.38,0.38,0.38,0.38,0.33,0.33,0.33,0.30,0.30,0.30,0.30,0.30,0.30,0.30,0.30,0.30,0.30,0.30,0.30,0.30,0.30,0.30,0.30,0.30,0.30,0.30,0.30,0.30,0.30,0.30,0.30,0.30,0.30,0.30,0.30,0.30,0.30,0.30,0.30,0.30,0.465,0.465,0.465,0.465,0.465,0.465,0.465,0.465,0.465,0.465,0.465,0.465,0.465,0.465,0.465,0.465,0.465,0.465,0.465,0.465,0.465,0.465,0.465,0.465,0.465,0.465,0.465,0.46,0.46,0.465,0.46,0.465,0.465,0.465,0.465,0.465,0.465,0.465,0.465,0.465,0.465,0.465,0.465,0.465,0.465,0.465,0.465,0.465,0.465,0.465,0.465,0.465,0.465,0.465,0.465,0.465,0.465,0.45,0.45,0.45,0.45,0.45,0.45,0.45,0.45,0.45,0.45,0.45,0.45,0.43,0.43,0.43,0.43,0.41,0.41,,,,
As Originally Reported,AOR,AOR,AOR,AOR,AOR,AOR,AOR,AOR,AOR,AOR,AOR,AOR,AOR,AOR,AOR,AOR,AOR,AOR,AOR,AOR,AOR,AOR,AOR,AOR,AOR,AOR,AOR,AOR,AOR,AOR,AOR,AOR,AOR,AOR,AOR,AOR,AOR,AOR,AOR,AOR,AOR,AOR,AOR,AOR,,,,,,,,,,,,,,,,,,,,,,,,,,,,,,,,,,,,,,,,,,,,,,,,,,,,,,,,,,,,,,,,,,,,,,,,,,,,,,,,,,,,,,,,,,,,,,,,,,,,
Restated,,,,,Restated,Restated,Restated,Restated,Restated,Restated,Restated,Restated,Restated,Restated,Restated,Restated,Restated,Restated,Restated,Restated,Restated,Restated,Restated,Restated,Restated,Restated,Restated,Restated,Restated,Restated,Restated,Restated,Restated,Restated,Restated,Restated,Restated,Restated,Restated,Restated,Restated,Restated,Restated,Restated,Restated,Restated,Restated,Restated,,,,,,,,,,,,,,,,,,,,,,,,,,,,,,,,,,,,,,,,,,,,,,,,,,,,,,,,,,,,,,,,,,,,,,,,,,,,,,,,,,,,,,,,,,,,,,,,
