Income (Quarterly),2019-12,2019-09,2019-06,2019-03,2018-12,2018-09,2018-06,2018-03,2017-12,2017-09,2017-06,2017-03,2016-12,2016-09,2016-06,2016-03,2015-12,2015-09,2015-06,2015-03,2014-12,2014-09,2014-06,2014-03,2013-12,2013-09,2013-06,2013-03,2012-12,2012-09,2012-06,2012-03,2011-12,2011-09,2011-06,2011-03,2010-12,2010-09,2010-06,2010-03,2009-12,2009-09,2009-06,2009-03,2008-12,2008-09,2008-06,2008-03,2007-12,2007-09,2007-06,2007-03,2006-12,2006-09,2006-06,2006-03,2005-12,2005-09,2005-06,2005-03,2004-12,2004-09,2004-06,2004-03,2003-12,2003-09,2003-06,2003-03,2002-12,2002-09,2002-06,2002-03,2001-12,2001-09,2001-06,2001-03,2000-09,2000-06,2000-03,1999-12,1999-09,1999-06,1999-03,1998-12,1998-09,1998-06,1998-03,1997-12,1997-09,1997-06,1997-03,1996-12,1996-09,1996-06,1996-03,1995-12,1995-09,1995-06,1995-03,1994-12,1994-09,1994-06,1994-03,1993-12,1993-09,1993-06,1993-03,1992-12,1992-09,1992-06,1992-03,1991-12,1991-09,1991-06,1991-03,1990-12,1990-09,1990-06,1990-03,1989-12,1989-09,1989-06,1989-03,1988-12,1988-09,1988-06,1988-03,1987-12,1987-09,1987-06,1987-03,1986-12,1986-09,1986-06,1986-03,1985-12,1985-09,1985-06,1985-03,1984-12,1984-09,1984-06,1984-03
Operating Revenue,10.43B,11.60B,11.55B,9.446B,9.862B,11.02B,10.77B,8.967B,9.224B,10.17B,9.955B,8.341B,10.20B,9.238B,9.135B,7.924B,8.318B,9.791B,9.346B,8.14B,8.478B,10.02B,9.496B,7.894B,8.112B,9.483B,8.726B,7.558B,7.664B,8.917B,8.693B,7.47B,4.568B,9.816B,9.153B,7.747B,4.142B,8.95B,8.168B,6.848B,6.805B,7.574B,7.00B,6.684B,6.713B,5.719B,5.499B,4.766B,4.683B,5.227B,5.003B,4.241B,4.246B,4.751B,4.741B,3.719B,4.217B,4.308B,4.249B,3.706B,3.874B,3.871B,3.961B,3.529B,3.831B,3.657B,3.496B,3.155B,3.869B,3.42B,3.474B,3.103B,2.863B,3.398B,3.776B,3.842B,3.911B,3.333B,3.96B,3.713B,3.829B,3.843B,3.504B,3.448B,3.802B,3.761B,3.39B,3.434B,3.553B,3.545B,3.42B,3.197B,3.432B,3.36B,2.964B,2.944B,3.188B,3.216B,2.902B,2.919B,3.157B,3.109B,2.878B,2.952B,3.220B,3.132B,2.927B,2.874B,3.064B,2.826B,2.815B,2.623B,2.573B,2.524B,2.299B,2.130B,2.218B,2.240B,2.120B,2.049B,2.173B,2.312B,2.038B,1.858B,1.882B,1.968B,1.679B,1.664B,1.603B,1.566B,1.453B,1.198B,1.102B,1.020B,1.110B,1.120B,1.123B,1.277B,1.170B,1.127B,1.110B,1.143B,1.079B
Revenue,11.44B,12.56B,12.54B,10.47B,10.74B,11.95B,11.78B,9.968B,10.23B,11.06B,10.75B,9.101B,9.269B,10.48B,10.45B,9.251B,9.502B,11.11B,10.71B,9.388B,9.647B,11.18B,10.62B,8.916B,9.076B,10.49B,9.707B,8.50B,8.602B,9.923B,9.732B,8.413B,8.399B,9.816B,9.153B,7.747B,7.789B,8.95B,8.168B,6.848B,6.805B,7.574B,7.00B,6.684B,6.713B,5.719B,5.499B,4.766B,4.683B,5.227B,5.003B,4.241B,4.246B,4.751B,4.741B,3.719B,4.217B,4.308B,4.249B,3.706B,3.874B,3.871B,3.961B,3.529B,3.831B,3.657B,3.496B,3.155B,3.869B,3.42B,3.474B,3.103B,2.863B,3.398B,3.776B,3.842B,3.911B,3.333B,3.96B,3.713B,3.829B,3.843B,3.504B,3.448B,3.802B,3.761B,3.39B,3.434B,3.553B,3.545B,3.42B,3.197B,3.432B,3.36B,2.964B,2.944B,3.188B,3.216B,2.902B,2.919B,3.157B,3.109B,2.878B,2.952B,3.220B,3.132B,2.927B,2.874B,3.064B,2.826B,2.815B,2.623B,2.573B,2.524B,2.299B,2.130B,2.218B,2.240B,2.120B,2.049B,2.173B,2.312B,2.038B,1.858B,1.882B,1.968B,1.679B,1.664B,1.603B,1.566B,1.453B,1.198B,1.102B,1.020B,1.110B,1.120B,1.123B,1.277B,1.170B,1.127B,1.110B,1.143B,1.079B
Cost of Goods Sold,9.098B,9.474B,9.457B,8.596B,8.765B,9.318B,9.142B,8.287B,8.232B,8.308B,7.871B,7.328B,7.629B,7.521B,7.102B,6.83B,6.99B,7.866B,7.239B,7.102B,9.502B,8.782B,8.164B,7.495B,7.464B,7.935B,7.986B,7.463B,7.393B,7.605B,8.616B,7.247B,13.33B,5.781B,5.548B,4.931B,13.05B,4.675B,4.283B,3.929B,2.351B,4.35B,3.764B,3.355B,4.717B,3.311B,3.062B,2.725B,2.551B,2.458B,2.218B,926.00M,,,,,,,,,,,,,,,,,,1.135B,1.105B,1.083B,,1.059B,1.252B,1.32B,1.14B,822.00M,1.14B,1.049B,1.078B,,934.00M,981.00M,1.214B,,930.00M,990.00M,984.00M,882.00M,1.004B,1.012B,979.00M,898.00M,883.00M,865.00M,874.00M,769.00M,824.00M,882.00M,896.00M,897.00M,857.00M,879.00M,1.206B,1.265B,1.109B,1.214B,1.275B,1.221B,1.156B,1.142B,947.30M,944.80M,946.80M,1.057B,865.50M,1.348B,1.351B,1.276B,1.250B,,,,,,,,,,,,,,,,,,,,,,
Gross Profit,2.341B,3.086B,3.079B,1.876B,1.977B,2.635B,2.633B,1.681B,1.996B,2.753B,2.876B,1.773B,1.64B,2.962B,3.345B,2.421B,2.512B,3.241B,3.468B,2.286B,145.00M,2.396B,2.457B,1.421B,1.612B,2.555B,1.721B,1.037B,1.209B,2.318B,1.116B,1.166B,-4.929B,4.035B,3.605B,2.816B,-5.257B,4.275B,3.885B,2.919B,4.454B,3.224B,3.236B,3.329B,1.996B,2.408B,2.437B,2.041B,2.132B,2.769B,2.785B,3.315B,,,,,,,,,,,,,,,,,,2.285B,2.369B,2.02B,,2.339B,2.524B,2.522B,2.771B,2.511B,2.82B,2.664B,2.751B,,2.57B,2.467B,2.588B,,2.46B,2.444B,2.569B,2.663B,2.416B,2.185B,2.453B,2.462B,2.081B,2.079B,2.314B,2.447B,2.078B,2.037B,2.261B,2.212B,2.021B,2.073B,2.014B,1.867B,1.818B,1.661B,1.789B,1.605B,1.659B,1.481B,1.626B,1.579B,1.352B,1.073B,1.352B,891.50M,769.60M,772.80M,923.20M,,,,,,,,,,,,,,,,,,,,,,
Sales and Marketing Expense,488.00M,539.00M,538.00M,427.00M,468.00M,535.00M,511.00M,427.00M,456.00M,499.00M,467.00M,404.00M,460.00M,466.00M,437.00M,388.00M,402.00M,463.00M,421.00M,386.00M,411.00M,476.00M,440.00M,373.00M,391.00M,447.00M,408.00M,357.00M,377.00M,440.00M,393.00M,380.00M,393.00M,480.00M,440.00M,369.00M,364.00M,404.00M,377.00M,364.00M,336.00M,384.00M,329.00M,356.00M,298.00M,259.00M,248.00M,225.00M,212.00M,248.00M,253.00M,220.00M,,,,,,,,,,,,,,128.00M,124.00M,115.00M,,72.00M,89.00M,107.00M,194.00M,137.00M,144.00M,141.00M,169.00M,239.00M,169.00M,174.00M,203.00M,-9.00M,191.00M,208.00M,,-48.00M,229.00M,235.00M,266.00M,252.00M,250.00M,237.00M,278.00M,277.00M,241.00M,246.00M,278.00M,290.00M,285.00M,298.00M,322.00M,336.00M,300.00M,308.00M,,,,,,,,,,,,,,,,,,,,,,,,,,,,,,,,,,,,,,,
General and Administrative Expense,,,,,,,,,,,,,,,,,,,,,,,,,,,,,,,,,,1.884B,1.747B,1.727B,,1.854B,1.792B,1.672B,3.282B,1.722B,2.077B,1.706B,2.122B,1.086B,1.092B,1.091B,1.07B,1.109B,1.039B,971.00M,,,,,,,,,,,,,,2.038B,2.073B,2.139B,,319.00M,339.00M,343.00M,7.389B,366.00M,357.00M,348.00M,381.00M,477.00M,344.00M,341.00M,377.00M,6.299B,321.00M,339.00M,,6.058B,352.00M,355.00M,408.00M,382.00M,376.00M,379.00M,399.00M,414.00M,361.00M,400.00M,455.00M,497.00M,459.00M,475.00M,519.00M,517.00M,499.00M,476.00M,,,,,,,,,,,,,,,,,,,,,,,,,,,,,,,,,,,,,,,
SG&A Expense,488.00M,539.00M,538.00M,427.00M,468.00M,535.00M,511.00M,427.00M,456.00M,499.00M,467.00M,404.00M,460.00M,466.00M,437.00M,388.00M,402.00M,463.00M,421.00M,386.00M,411.00M,476.00M,440.00M,373.00M,391.00M,447.00M,408.00M,357.00M,377.00M,440.00M,393.00M,380.00M,-4.965B,2.364B,2.187B,2.096B,-4.954B,2.258B,2.169B,2.036B,3.618B,2.106B,2.406B,2.062B,2.42B,1.345B,1.34B,1.316B,1.282B,1.357B,1.292B,1.191B,1.44B,1.50B,412.00M,553.00M,5.629B,491.00M,497.00M,487.00M,,469.00M,2.053B,2.067B,,2.166B,2.197B,2.254B,,247.00M,250.00M,236.00M,8.427B,229.00M,213.00M,207.00M,212.00M,238.00M,175.00M,167.00M,174.00M,7.59B,130.00M,131.00M,1.818B,7.468B,123.00M,120.00M,142.00M,130.00M,126.00M,142.00M,121.00M,137.00M,120.00M,154.00M,177.00M,207.00M,174.00M,177.00M,197.00M,181.00M,199.00M,168.00M,1.742B,1.732B,1.764B,1.681B,1.776B,1.706B,1.709B,1.580B,1.474B,1.405B,1.352B,1.272B,1.312B,661.80M,607.00M,588.70M,620.80M,,,,,,,,,,,,,,,,,,,,,,
Income Statement Depreciation,,,,,,,,,,,,,,,,,,,,,,,,,,,,,,,,,,,,,,,,,,,,,,,,,,,,,,,,,,,,,,,,,,,,,,289.00M,291.00M,281.00M,,318.00M,331.00M,324.00M,297.00M,212.00M,297.00M,285.00M,263.00M,,241.00M,233.00M,218.00M,,216.00M,211.00M,198.00M,190.00M,180.00M,174.00M,166.00M,158.00M,156.00M,159.00M,146.00M,199.00M,133.00M,140.00M,150.00M,154.00M,154.00M,172.00M,150.80M,92.40M,232.50M,175.10M,175.30M,164.50M,148.90M,137.70M,125.50M,124.00M,115.90M,112.70M,113.30M,119.40M,114.50M,113.50M,111.80M,,,,,,,,,,,,,,,,,,,,,,
Rent and Landing Expense,,,,,,,,,,,,,,,,,,,,,,,,,,,,,,,,,,414.00M,394.00M,391.00M,,423.00M,425.00M,425.00M,,463.00M,434.00M,437.00M,,249.00M,240.00M,231.00M,235.00M,238.00M,238.00M,260.00M,,,,,,,,,,,,,,,,,,388.00M,390.00M,381.00M,,381.00M,378.00M,386.00M,373.00M,290.00M,373.00M,348.00M,334.00M,,322.00M,310.00M,,,296.00M,290.00M,306.00M,307.00M,298.00M,291.00M,300.00M,277.00M,279.00M,304.00M,322.00M,338.00M,346.00M,342.00M,347.00M,336.00M,344.00M,342.00M,,,,,,,,,,,,,,,,,,,,,,,,,,,,,,,,,,,,,,,
Special Income and Charges,,,,,,,,,,,,,,,,,,,,,-67.00M,-570.00M,-30.00M,-67.00M,-160.00M,-106.00M,-34.00M,-102.00M,-228.00M,-161.00M,-193.00M,12.00M,58.00M,-87.00M,-197.00M,-83.00M,86.00M,-594.00M,-211.00M,-122.00M,-1.731B,-299.00M,3.00M,-112.00M,-2.172B,-86.00M,-1.26B,-6.125B,1.211B,0.00,7.00M,29.00M,-7.00M,-31.00M,19.00M,0.00,0.00,0.00,3.00M,-4.00M,147.00M,-25.00M,1.00M,-29.00M,42.00M,9.00M,289.00M,-23.00M,283.00M,-211.00M,-28.00M,-66.00M,243.00M,-120.00M,46.00M,-21.00M,-56.00M,-56.00M,90.00M,-377.00M,117.00M,5.00M,29.00M,19.00M,3.00M,51.00M,2.00M,-3.00M,11.00M,0.00,-50.00M,6.00M,-13.00M,-268.00M,-583.00M,-4.00M,-4.00M,,-10.00M,-1.00M,14.00M,-434.00M,,-104.00M,25.40M,-77.90M,21.20M,38.70M,36.60M,33.70M,8.40M,-27.00M,24.90M,13.50M,14.80M,4.80M,14.20M,17.20M,8.00M,29.30M,20.70M,,,,,,,,,,,,,,,,,,,,,,
Operating Interest Expense,,70.00M,75.00M,83.00M,,73.00M,79.00M,92.00M,,100.00M,103.00M,94.00M,93.00M,95.00M,93.00M,107.00M,102.00M,121.00M,127.00M,131.00M,137.00M,154.00M,173.00M,186.00M,206.00M,213.00M,213.00M,220.00M,234.00M,243.00M,256.00M,272.00M,411.00M,229.00M,233.00M,221.00M,435.00M,249.00M,255.00M,246.00M,261.00M,217.00M,324.00M,308.00M,257.00M,140.00M,141.00M,147.00M,138.00M,132.00M,182.00M,200.00M,,,,,,,,,,,,,,,,,,,,,,,,,,,,,,,,,,,,,,,,,,,,,,,,,,,,,,,,,,,,,,,,,,,,,,,,,,,,,,,,,,,,,,,,,,,
Operating Interest Income,,,,,,,,,,,,,,,,,,,,,,,,,,,,,,,,,,,,,,,,,4.00M,4.00M,9.00M,10.00M,19.00M,21.00M,25.00M,27.00M,39.00M,42.00M,37.00M,10.00M,,,,,,,,,,,,,,,,,,,,,,,,,,,,,,,,,,,,,,,,,,,,,,,,,,,,,,,,,,,,,,,,,,,,,,,,,,,,,,,,,,,,,,,,,,,
Net Operating Interest Income,-73.00M,-70.00M,-75.00M,-83.00M,-67.00M,-73.00M,-79.00M,-92.00M,-99.00M,-100.00M,-103.00M,-94.00M,-93.00M,-95.00M,-93.00M,-107.00M,-102.00M,-121.00M,-127.00M,-131.00M,-137.00M,-154.00M,-173.00M,-186.00M,-206.00M,-213.00M,-213.00M,-220.00M,-234.00M,-243.00M,-256.00M,-272.00M,-411.00M,-229.00M,-233.00M,-221.00M,-435.00M,-249.00M,-255.00M,-246.00M,-257.00M,-213.00M,-315.00M,-298.00M,-238.00M,-119.00M,-116.00M,-120.00M,-99.00M,-90.00M,-145.00M,-190.00M,,,,,,,,,,,,,,,,,,,,,,,,,,,,,,,,,,,,,,,,,,,,,,,,,,,,,,,,,,,,,,,,,,,,,,,,,,,,,,,,,,,,,,,,,,,
Other Operating Expenses,454.00M,476.00M,413.00M,429.00M,418.00M,455.00M,438.00M,410.00M,379.00M,431.00M,427.00M,370.00M,116.00M,527.00M,485.00M,493.00M,393.00M,565.00M,573.00M,502.00M,495.00M,515.00M,408.00M,379.00M,360.00M,439.00M,365.00M,356.00M,359.00M,421.00M,396.00M,416.00M,363.00M,424.00M,412.00M,429.00M,434.00M,433.00M,403.00M,376.00M,,400.00M,388.00M,393.00M,,117.00M,102.00M,111.00M,94.00M,186.00M,239.00M,1.158B,2.436B,2.79B,3.642B,3.35B,-1.054B,3.74B,3.555B,3.863B,,3.514B,1.838B,1.543B,,1.267B,797.00M,1.133B,,-229.00M,-282.00M,-296.00M,5.95B,-123.00M,-343.00M,-362.00M,-307.00M,-666.00M,-205.00M,-178.00M,-332.00M,4.368B,-181.00M,-175.00M,,4.261B,-182.00M,-181.00M,-168.00M,-201.00M,-183.00M,-167.00M,-151.00M,-157.00M,-156.00M,-154.00M,-141.00M,-81.00M,-147.00M,-173.00M,-170.00M,-219.00M,-185.00M,-163.00M,,,,,,,,,,,,,,,,,,,,,,,,,,,,,,,,,,,,,,,
Total Operating Expenses,942.00M,1.015B,951.00M,856.00M,886.00M,990.00M,949.00M,837.00M,835.00M,930.00M,894.00M,774.00M,576.00M,993.00M,922.00M,881.00M,795.00M,1.028B,994.00M,888.00M,906.00M,991.00M,848.00M,752.00M,751.00M,886.00M,773.00M,713.00M,736.00M,861.00M,789.00M,796.00M,-5.743B,3.172B,2.98B,2.901B,-5.659B,3.066B,2.951B,2.797B,2.821B,2.891B,3.177B,2.839B,2.464B,1.755B,1.744B,1.724B,1.664B,1.84B,1.819B,2.64B,4.24B,4.583B,4.372B,4.204B,4.892B,4.548B,4.378B,4.663B,6.13B,4.294B,4.202B,3.917B,4.196B,3.738B,3.30B,3.69B,15.85B,-187.00M,-241.00M,-251.00M,15.98B,-34.00M,-225.00M,-245.00M,-222.00M,-692.00M,-83.00M,-60.00M,-243.00M,13.01B,-70.00M,-73.00M,2.036B,12.74B,-89.00M,-90.00M,-112.00M,-141.00M,-129.00M,-135.00M,-106.00M,-136.00M,-120.00M,-149.00M,-172.00M,-89.00M,-188.00M,-210.00M,-217.00M,-246.00M,-230.00M,-159.00M,1.892B,1.824B,1.997B,1.856B,1.952B,1.870B,1.858B,1.718B,1.599B,1.529B,1.468B,1.384B,1.426B,781.20M,721.50M,702.20M,732.60M,,,,,,,,,,,,,,,,,,,,,,
Operating Income,1.399B,2.071B,2.128B,1.02B,1.091B,1.645B,1.684B,844.00M,1.161B,1.823B,1.982B,999.00M,1.064B,1.969B,2.423B,1.54B,1.717B,2.213B,2.474B,1.398B,-761.00M,1.405B,1.609B,669.00M,861.00M,1.669B,948.00M,324.00M,473.00M,1.457B,327.00M,370.00M,814.00M,863.00M,625.00M,-85.00M,402.00M,1.209B,934.00M,122.00M,1.633B,333.00M,59.00M,490.00M,-468.00M,653.00M,693.00M,317.00M,468.00M,929.00M,966.00M,675.00M,6.00M,168.00M,369.00M,-485.00M,-675.00M,-240.00M,-129.00M,-957.00M,-2.256B,-423.00M,-241.00M,-388.00M,-365.00M,-81.00M,196.00M,-535.00M,-8.662B,2.472B,2.61B,2.271B,-9.491B,2.373B,2.749B,2.767B,2.993B,3.203B,2.903B,2.724B,2.994B,-6.225B,2.64B,2.54B,552.00M,-6.071B,2.549B,2.534B,2.681B,2.804B,2.545B,2.32B,2.559B,2.598B,2.201B,2.228B,2.486B,2.536B,2.266B,2.247B,2.478B,2.458B,2.251B,2.232B,121.50M,43.00M,-178.60M,-194.90M,-162.50M,-265.50M,-199.30M,-236.80M,26.70M,50.60M,-115.10M,-311.90M,-73.60M,110.30M,48.10M,70.60M,190.60M,-5.100B,2.038B,1.858B,1.882B,-4.450B,1.679B,1.664B,1.603B,-3.347B,1.453B,1.198B,1.102B,-3.406B,1.110B,1.120B,1.123B,-3.041B,1.170B,1.127B,1.110B,-2.909B,1.079B
Non-Operating Interest Income,,,,,,,,,,,,,,,,,,,,,,,,,,,,,,,,,,,,,,,,,4.00M,4.00M,9.00M,10.00M,19.00M,21.00M,25.00M,27.00M,39.00M,42.00M,37.00M,10.00M,,,,,,,,,,,,,,,,,,,,,,,,,,,,,,,,,,,,,,,,,,,,,,,,,,,,,,,,,,,,,,,,,,,,,,,,,,,,,,,,,,,,,,,,,,,
Non-Operating Interest Expense,,70.00M,75.00M,83.00M,,73.00M,79.00M,92.00M,,100.00M,103.00M,94.00M,93.00M,95.00M,93.00M,107.00M,102.00M,121.00M,127.00M,131.00M,137.00M,154.00M,173.00M,186.00M,206.00M,213.00M,213.00M,220.00M,234.00M,243.00M,256.00M,272.00M,411.00M,229.00M,233.00M,221.00M,435.00M,249.00M,255.00M,246.00M,261.00M,217.00M,324.00M,308.00M,257.00M,140.00M,141.00M,147.00M,138.00M,132.00M,182.00M,200.00M,,,,,,,,,,,,,,,,,,,,,,,,,,,,,,,,,,,,,,,,,,,,,,,,,,,,,,,,,,,,,,,,,,,,,,,,,,,,,,,,,,,,,,,,,,,
Net Non-Operating Interest Income Expense,-73.00M,-70.00M,-75.00M,-83.00M,-67.00M,-73.00M,-79.00M,-92.00M,-99.00M,-100.00M,-103.00M,-94.00M,-93.00M,-95.00M,-93.00M,-107.00M,-102.00M,-121.00M,-127.00M,-131.00M,-137.00M,-154.00M,-173.00M,-186.00M,-206.00M,-213.00M,-213.00M,-220.00M,-234.00M,-243.00M,-256.00M,-272.00M,-411.00M,-229.00M,-233.00M,-221.00M,-435.00M,-249.00M,-255.00M,-246.00M,-257.00M,-213.00M,-315.00M,-298.00M,-238.00M,-119.00M,-116.00M,-120.00M,-99.00M,-90.00M,-145.00M,-190.00M,,,,,,,,,,,,,,,,,,,,,,,,,,,,,,,,,,,,,,,,,,,,,,,,,,,,,,,,,,,,,,,,,,,,,,,,,,,,,,,,,,,,,,,,,,,
Other Income and Expenses,72.00M,-54.00M,-146.00M,9.00M,321.00M,116.00M,-219.00M,-20.00M,-19.00M,53.00M,-48.00M,-56.00M,-302.00M,26.00M,20.00M,1.00M,-82.00M,-20.00M,19.00M,-81.00M,-242.00M,-672.00M,-138.00M,-148.00M,-180.00M,-93.00M,-49.00M,-101.00M,-228.00M,-162.00M,-235.00M,29.00M,14.00M,-87.00M,-197.00M,-83.00M,53.00M,-594.00M,-211.00M,-122.00M,-1.731B,-299.00M,3.00M,-112.00M,-2.172B,-86.00M,-1.26B,-6.125B,1.211B,,7.00M,29.00M,-7.00M,-31.00M,19.00M,,0.00,,3.00M,-4.00M,147.00M,-25.00M,1.00M,-29.00M,42.00M,9.00M,289.00M,-23.00M,283.00M,-211.00M,-28.00M,-66.00M,243.00M,-120.00M,46.00M,-21.00M,-56.00M,-56.00M,90.00M,-377.00M,117.00M,5.00M,29.00M,19.00M,3.00M,51.00M,2.00M,-3.00M,11.00M,0.00,-50.00M,6.00M,-13.00M,-268.00M,-583.00M,-4.00M,-4.00M,,-10.00M,-1.00M,14.00M,-434.00M,,-104.00M,25.40M,-77.90M,21.20M,38.70M,36.60M,33.70M,8.40M,-27.00M,24.90M,13.50M,14.80M,4.80M,14.20M,17.20M,8.00M,29.30M,20.70M,,,,,,,,,,,,,,,,,,,,,,
Net Interest Income,-73.00M,-70.00M,-75.00M,-83.00M,-67.00M,-73.00M,-79.00M,-92.00M,-99.00M,-100.00M,-103.00M,-94.00M,-93.00M,-95.00M,-93.00M,-107.00M,-102.00M,-121.00M,-127.00M,-131.00M,-137.00M,-154.00M,-173.00M,-186.00M,-206.00M,-213.00M,-213.00M,-220.00M,-234.00M,-243.00M,-256.00M,-272.00M,-411.00M,-229.00M,-233.00M,-221.00M,-435.00M,-249.00M,-255.00M,-246.00M,-257.00M,-213.00M,-315.00M,-298.00M,-238.00M,-119.00M,-116.00M,-120.00M,-99.00M,-90.00M,-145.00M,-190.00M,,,,,,,,,,,,,,,,,,,,,,,,,,,,,,,,,,,,,,,,,,,,,,,,,,,,,,,,,,,,,,,,,,,,,,,,,,,,,,,,,,,,,,,,,,,
Pre-Tax Income,1.398B,1.947B,1.907B,946.00M,1.345B,1.688B,1.386B,732.00M,1.043B,1.776B,1.831B,849.00M,669.00M,1.90B,2.35B,1.434B,1.533B,2.072B,2.366B,1.186B,-1.14B,579.00M,1.298B,335.00M,475.00M,1.363B,686.00M,3.00M,11.00M,1.052B,-164.00M,127.00M,417.00M,547.00M,195.00M,-389.00M,20.00M,366.00M,468.00M,-246.00M,-355.00M,-179.00M,-253.00M,-794.00M,-1.438B,-50.00M,-1.163B,-6.39B,-105.00M,363.00M,1.691B,-130.00M,-2.706B,29.00M,-2.201B,-2.09B,-1.137B,-1.107B,-400.00M,-1.215B,-2.313B,-652.00M,-429.00M,-598.00M,-512.00M,-254.00M,301.00M,-724.00M,-586.00M,-527.00M,-287.00M,-602.00M,-1.135B,-408.00M,-99.00M,-222.00M,364.00M,554.00M,376.00M,580.00M,569.00M,610.00M,358.00M,320.00M,538.00M,595.00M,322.00M,313.00M,418.00M,495.00M,317.00M,205.00M,398.00M,263.00M,-446.00M,123.00M,337.00M,406.00M,,-22.00M,121.00M,-390.00M,-123.00M,-225.00M,78.90M,-86.50M,-206.30M,-194.10M,-164.30M,-280.00M,-235.20M,-293.40M,22.40M,36.70M,-131.50M,-327.50M,-77.80M,116.20M,47.60M,98.10M,205.90M,,,,,,,,,,,,,,,,,,,,,,
Provision for Income Taxes,300.00M,452.00M,464.00M,216.00M,326.00M,366.00M,350.00M,175.00M,745.00M,617.00M,645.00M,288.00M,225.00M,641.00M,804.00M,488.00M,553.00M,757.00M,881.00M,440.00M,-428.00M,222.00M,497.00M,122.00M,-8.004B,-6.00M,1.00M,-4.00M,5.00M,5.00M,4.00M,3.00M,-8.00M,-2.00M,-3.00M,-71.00M,1.00M,3.00M,1.00M,10.00M,-330.00M,-18.00M,4.00M,0.00,0.00,0.00,-119.00M,0.00,-35.00M,143.00M,99.00M,0.00,-725.00M,-23.00M,4.00M,-21.00M,98.00M,23.00M,-18.00M,-144.00M,-107.00M,-6.00M,1.534B,-215.00M,-185.00M,-90.00M,117.00M,-258.00M,-223.00M,-201.00M,-101.00M,-205.00M,-401.00M,-149.00M,-9.00M,-89.00M,147.00M,219.00M,153.00M,228.00M,225.00M,246.00M,142.00M,126.00M,211.00M,233.00M,127.00M,123.00M,164.00M,193.00M,128.00M,80.00M,160.00M,101.00M,-170.00M,53.00M,136.00M,155.00M,,-4.00M,49.00M,-140.00M,-45.00M,-84.00M,18.50M,-38.80M,-72.40M,-67.80M,-57.60M,-99.90M,-83.60M,-105.80M,9.30M,17.50M,-47.40M,-119.70M,-26.20M,42.10M,16.30M,33.90M,72.80M,,,,,,,,,,,,,,,,,,,,,,
Income from Continuing Operations,1.098B,1.495B,1.443B,730.00M,1.019B,1.322B,1.036B,557.00M,298.00M,1.159B,1.186B,561.00M,444.00M,1.259B,1.546B,946.00M,980.00M,1.315B,1.485B,746.00M,-712.00M,357.00M,801.00M,213.00M,8.479B,1.369B,685.00M,7.00M,6.00M,1.047B,-168.00M,124.00M,425.00M,549.00M,198.00M,-318.00M,19.00M,363.00M,467.00M,-256.00M,-25.00M,-161.00M,-257.00M,-794.00M,-1.438B,-50.00M,-1.044B,-6.39B,-70.00M,220.00M,1.592B,-130.00M,-1.981B,52.00M,-2.205B,-2.069B,-1.235B,-1.13B,-382.00M,-1.071B,-2.206B,-646.00M,-1.963B,-383.00M,-327.00M,-164.00M,184.00M,-466.00M,-363.00M,-326.00M,-186.00M,-397.00M,-734.00M,-259.00M,-90.00M,-133.00M,217.00M,335.00M,223.00M,352.00M,344.00M,364.00M,216.00M,194.00M,327.00M,362.00M,195.00M,190.00M,254.00M,302.00M,189.00M,125.00M,238.00M,162.00M,-276.00M,70.00M,201.00M,251.00M,-11.00M,-18.00M,72.00M,-250.00M,-78.00M,-141.00M,60.40M,-47.70M,-133.90M,-126.30M,-106.70M,-180.10M,-151.60M,-187.60M,13.10M,19.20M,-84.10M,-207.80M,-51.60M,74.10M,31.30M,64.20M,133.10M,190.80M,85.00M,85.20M,100.00M,103.30M,56.10M,88.30M,59.10M,58.80M,26.40M,125.50M,53.00M,22.20M,-6.40M,1.90M,29.50M,84.20M,41.20M,73.90M,60.20M,71.70M,52.80M
"Extraordinary Items, Income Statement",,,,,,,,,,,,,,,,,,,,,,,,,,,,,,,,,,,,,,,,,,,,,,,,,,,,,,,,,,,,,,,,,,,,,,,,,,,,,,,,,-66.00M,,,,,,,,,,,,,,,,,0.00,,,114.00M,,,,,,,,,,,,,,,,,,,,,,,,,,,,,,,,,,,,,,,,,,
Preferred Stock Dividend,,,,,,,,,,,,,,,,,,,,,,,,,,,,,,,,,,,,,,,,,,,,,,,,,,,,,0.00,,,2.00M,3.00M,4.00M,6.00M,5.00M,5.00M,5.00M,5.00M,4.00M,5.00M,4.00M,4.00M,4.00M,-26.00M,4.00M,3.00M,4.00M,4.00M,3.00M,4.00M,3.00M,3.00M,4.00M,3.00M,3.00M,3.00M,3.00M,2.00M,3.00M,3.00M,3.00M,2.00M,3.00M,3.00M,3.00M,2.00M,2.00M,2.00M,16.00M,22.00M,22.00M,22.00M,22.00M,22.00M,22.00M,22.00M,28.00M,27.00M,28.00M,27.60M,36.10M,24.80M,24.80M,24.80M,4.70M,4.60M,4.60M,4.60M,4.70M,4.60M,4.70M,4.70M,1.80M,7.50M,4.60M,6.80M,,,,,,,,,,,,,,,,,,,,,,
Net Income,1.098B,1.495B,1.443B,730.00M,1.019B,1.322B,1.036B,557.00M,298.00M,1.159B,1.186B,561.00M,444.00M,1.259B,1.546B,946.00M,980.00M,1.315B,1.485B,746.00M,-712.00M,357.00M,801.00M,213.00M,8.479B,1.369B,685.00M,7.00M,6.00M,1.047B,-168.00M,124.00M,425.00M,549.00M,198.00M,-318.00M,19.00M,363.00M,467.00M,-256.00M,-25.00M,-161.00M,-257.00M,-794.00M,-1.438B,-50.00M,-1.044B,-6.39B,-70.00M,220.00M,1.592B,-130.00M,-1.981B,52.00M,-2.205B,-2.069B,-1.235B,-1.13B,-382.00M,-1.071B,-2.206B,-646.00M,-1.963B,-383.00M,-327.00M,-164.00M,184.00M,-466.00M,-363.00M,-326.00M,-186.00M,-397.00M,-734.00M,-259.00M,-90.00M,-133.00M,217.00M,281.00M,223.00M,352.00M,278.00M,364.00M,216.00M,194.00M,327.00M,362.00M,195.00M,190.00M,254.00M,302.00M,189.00M,125.00M,238.00M,162.00M,-276.00M,70.00M,201.00M,251.00M,-11.00M,-18.00M,186.00M,-250.00M,-78.00M,-141.00M,60.40M,-634.80M,-133.90M,-126.30M,-106.70M,-180.10M,-151.60M,-187.60M,13.10M,19.20M,-84.10M,-207.80M,-51.60M,74.10M,31.30M,64.20M,133.10M,190.80M,85.00M,85.20M,100.00M,103.30M,56.10M,88.30M,59.10M,58.80M,26.40M,125.50M,53.00M,22.20M,-6.40M,1.90M,29.50M,84.20M,41.20M,73.90M,60.20M,71.70M,52.80M
Normalized Income,991.18M,1.522B,1.505B,652.83M,860.66M,1.283B,1.214B,543.30M,298.00M,1.159B,1.186B,561.00M,444.00M,1.259B,1.546B,946.00M,980.00M,1.315B,1.485B,746.00M,-670.15M,708.45M,819.51M,255.60M,8.583B,1.438B,718.95M,73.30M,154.20M,1.207B,-42.55M,112.28M,387.30M,605.55M,326.05M,-250.15M,-62.70M,952.13M,677.55M,-176.70M,1.100B,107.93M,-258.95M,-682.00M,734.00M,36.00M,87.07M,-265.00M,-877.33M,220.00M,1.585B,-159.00M,-1.976B,70.60M,-2.216B,-2.069B,-1.235B,-1.13B,-384.86M,-1.067B,-2.346B,-621.23M,-1.964B,-364.43M,-353.82M,-169.81M,7.336M,-451.20M,-538.31M,-195.48M,-167.85M,-353.48M,-891.15M,-182.82M,-131.82M,-120.40M,250.60M,368.86M,169.00M,580.80M,273.27M,361.00M,198.50M,182.48M,325.18M,330.97M,193.79M,191.82M,247.32M,302.00M,219.00M,121.34M,245.80M,327.08M,84.78M,72.40M,203.40M,251.00M,-5.00M,-17.18M,63.60M,28.21M,-78.00M,-75.83M,40.96M,-0.96M,-147.66M,-151.48M,-130.47M,-201.78M,-157.01M,-170.34M,-1.84M,11.10M,-93.57M,-210.85M,-61.02M,63.13M,26.04M,45.03M,119.72M,190.80M,85.00M,85.20M,100.00M,103.30M,56.10M,88.30M,59.10M,58.80M,26.40M,125.50M,53.00M,22.20M,-6.40M,1.90M,29.50M,84.20M,41.20M,73.90M,60.20M,71.70M,52.80M
EBITDA,1.59B,2.017B,1.982B,1.029B,1.214B,1.761B,1.465B,824.00M,1.212B,1.876B,1.934B,943.00M,762.00M,1.995B,2.443B,1.541B,1.635B,2.193B,2.493B,1.317B,-1.003B,733.00M,1.471B,521.00M,681.00M,1.576B,899.00M,223.00M,245.00M,1.295B,92.00M,399.00M,828.00M,1.16B,809.00M,208.00M,455.00M,990.00M,1.102B,385.00M,290.00M,423.00M,454.00M,-102.00M,-807.00M,383.00M,-720.00M,-5.946B,321.00M,792.00M,2.161B,361.00M,370.00M,461.00M,687.00M,-184.00M,-358.00M,77.00M,197.00M,-644.00M,-2.256B,-112.00M,70.00M,-81.00M,-365.00M,224.00M,502.00M,-232.00M,-8.662B,2.761B,2.901B,2.552B,-9.181B,2.691B,3.08B,3.091B,3.29B,3.415B,3.20B,3.009B,3.257B,-5.956B,2.881B,2.773B,770.00M,-5.836B,2.765B,2.745B,2.879B,2.994B,2.725B,2.494B,2.725B,2.756B,2.357B,2.402B,2.632B,2.735B,2.399B,2.387B,2.628B,2.612B,2.405B,2.404B,272.30M,135.40M,53.90M,-19.80M,12.80M,-101.00M,-50.40M,-99.10M,152.20M,174.60M,0.80M,-199.20M,39.70M,229.70M,162.60M,184.10M,302.40M,-5.100B,2.038B,1.858B,1.882B,-4.450B,1.679B,1.664B,1.603B,-3.347B,1.453B,1.198B,1.102B,-3.406B,1.110B,1.120B,1.123B,-3.041B,1.170B,1.127B,1.110B,-2.909B,1.079B
Reconciled Depreciation,,,,,,,,,,,,,,,,,,,,,,,,,,,,,,,,,,384.00M,381.00M,376.00M,,375.00M,379.00M,385.00M,384.00M,385.00M,383.00M,384.00M,374.00M,293.00M,302.00M,297.00M,288.00M,297.00M,288.00M,291.00M,364.00M,293.00M,318.00M,301.00M,317.00M,317.00M,326.00M,313.00M,,311.00M,311.00M,307.00M,,305.00M,306.00M,303.00M,,289.00M,291.00M,281.00M,310.00M,318.00M,331.00M,324.00M,297.00M,212.00M,297.00M,285.00M,263.00M,269.00M,241.00M,233.00M,218.00M,235.00M,216.00M,211.00M,198.00M,190.00M,180.00M,174.00M,166.00M,158.00M,156.00M,174.00M,146.00M,199.00M,133.00M,140.00M,150.00M,154.00M,154.00M,157.20M,150.80M,92.40M,232.50M,175.10M,175.30M,164.50M,148.90M,137.70M,125.50M,124.00M,115.90M,112.70M,113.30M,119.40M,114.50M,113.50M,111.80M,,,,,,,,,,,,,,,,,,,,,,
EBIT,1.59B,2.017B,1.982B,1.029B,1.214B,1.761B,1.465B,824.00M,1.212B,1.876B,1.934B,943.00M,762.00M,1.995B,2.443B,1.541B,1.635B,2.193B,2.493B,1.317B,-1.003B,733.00M,1.471B,521.00M,681.00M,1.576B,899.00M,223.00M,245.00M,1.295B,92.00M,399.00M,828.00M,776.00M,428.00M,-168.00M,455.00M,615.00M,723.00M,0.00,-94.00M,38.00M,71.00M,-486.00M,-1.181B,90.00M,-1.022B,-6.243B,33.00M,495.00M,1.873B,70.00M,6.00M,168.00M,369.00M,-485.00M,-675.00M,-240.00M,-129.00M,-957.00M,-2.256B,-423.00M,-241.00M,-388.00M,-365.00M,-81.00M,196.00M,-535.00M,-8.662B,2.472B,2.61B,2.271B,-9.491B,2.373B,2.749B,2.767B,2.993B,3.203B,2.903B,2.724B,2.994B,-6.225B,2.64B,2.54B,552.00M,-6.071B,2.549B,2.534B,2.681B,2.804B,2.545B,2.32B,2.559B,2.598B,2.201B,2.228B,2.486B,2.536B,2.266B,2.247B,2.478B,2.458B,2.251B,2.232B,121.50M,43.00M,-178.60M,-194.90M,-162.50M,-265.50M,-199.30M,-236.80M,26.70M,50.60M,-115.10M,-311.90M,-73.60M,110.30M,48.10M,70.60M,190.60M,-5.100B,2.038B,1.858B,1.882B,-4.450B,1.679B,1.664B,1.603B,-3.347B,1.453B,1.198B,1.102B,-3.406B,1.110B,1.120B,1.123B,-3.041B,1.170B,1.127B,1.110B,-2.909B,1.079B
EPS Basic from Continuing Operations,1.71,2.32,2.22,1.10,1.50,1.93,1.49,0.79,0.4228,1.62,1.63,0.77,0.85,1.70,2.04,1.22,1.26,1.67,1.85,0.91,-0.86,0.43,0.95,0.25,10.02,1.61,0.81,0.01,0.01,1.24,-0.20,0.15,0.51,0.66,0.24,-0.38,0.02,0.43,0.56,-0.31,-0.03,-0.19,-0.31,-0.96,-0.17,-0.13,-2.64,-16.15,1.00,0.56,7.66,-0.66,-10.05,0.26,-11.18,-10.68,-6.68,-6.73,-2.64,-7.64,-17.01,-5.16,-15.79,-3.12,-2.69,-1.36,1.46,-3.81,-2.98,-2.67,-1.54,-3.25,-5.99,-2.13,-0.76,-1.11,1.86,2.13,1.74,2.62,2.47,2.57,1.51,1.34,2.19,2.39,1.29,1.26,1.71,2.04,1.28,0.83,1.55,1.42,-2.89,0.47,1.74,2.27,-0.33,-0.40,0.50,-2.75,-1.05,-1.68,0.33,-0.83,-1.59,-1.52,-1.32,-1.86,-1.58,-1.95,0.09,0.28,-1.05,-2.51,-0.64,0.82,0.24,0.57,1.27,1.94,0.87,0.87,1.02,1.06,0.58,0.91,0.61,0.59,0.27,1.51,0.66,0.27,-0.08,0.03,0.37,1.05,0.52,0.93,0.76,0.90,0.67
EPS Basic from Discontinued Operations,,,,,,,,,,,,,,,,,,,,,,,,,,,,,,,,,0.00,0.00,0.00,0.00,,0.00,0.00,0.00,0.00,0.00,0.00,0.00,0.00,0.00,0.00,0.00,0.00,0.00,0.00,0.00,0.00,0.00,0.00,0.00,0.00,0.00,0.00,0.00,0.00,0.00,0.00,0.00,0.00,0.00,0.00,0.00,0.00,0.00,0.00,0.00,0.00,0.00,0.00,0.00,-0.81,-0.39,0.00,0.00,-0.48,0.00,0.00,0.00,0.00,0.00,0.00,0.00,0.00,0.00,0.00,0.00,0.00,0.00,0.00,0.00,0.00,0.00,0.00,0.00,1.13,0.00,0.00,0.00,0.00,-5.89,0.00,0.00,0.00,0.00,0.00,0.00,0.00,0.00,0.00,0.00,0.00,0.00,0.00,0.00,0.00,0.00,0.00,0.00,0.00,0.00,0.00,0.00,0.00,0.00,0.00,0.00,0.00,0.00,0.00,0.00,0.00,0.00,0.00,0.00,0.00,0.00,0.00
EPS Basic from Extraordinaries,,,,,,,,,,,,,,,,,,,,,,,,,,,,,,,,,,,,,,,,,,,,,,,,,,,,,,,,,,,,,,,,,,,,,,,,,,,,,,,,,0.00,,,,,,,,,,,,,,,,,0.0000,,,0.0000,,,,,,,,,,,,,,,,,,,,,,,,,,,,,,,,,,,,,,,,,,
Normalized Basic EPS,1.544,2.362,2.315,0.9840,1.267,1.873,1.746,0.7705,0.4228,1.62,1.63,0.77,0.85,1.70,2.04,1.22,1.26,1.67,1.85,0.91,-0.8092,0.8514,0.9720,0.3005,10.14,1.691,0.8499,0.0882,0.1854,1.429,-0.0515,0.1361,0.4650,0.7275,0.3928,-0.2989,-0.0780,1.136,0.8125,-0.2147,1.326,0.1348,-0.3124,-0.8242,3.005,0.0872,0.2162,-0.6699,-1.112,0.56,7.640,-0.8070,-10.02,0.353,-11.24,-10.68,-6.68,-6.73,-2.659,-7.615,-18.06,-4.964,-15.79,-2.970,-2.907,-1.407,0.0279,-3.690,-4.401,-1.611,-1.393,-2.897,-7.265,-1.511,-1.100,-1.008,2.133,2.350,1.314,4.338,1.959,2.548,1.387,1.259,2.165,2.181,1.282,1.272,1.619,2.04,1.485,0.8053,1.651,3.025,0.6088,0.4935,1.787,2.27,-0.27,-0.3918,0.3340,-0.0312,-1.05,-1.032,0.1344,-0.3648,-1.728,-1.773,-1.559,-2.078,-1.635,-1.775,-0.0682,0.1957,-1.162,-2.546,-0.7471,0.6935,0.1870,0.3866,1.135,1.94,0.87,0.87,1.02,1.06,0.58,0.91,0.61,0.59,0.27,1.51,0.66,0.27,-0.08,0.03,0.37,1.05,0.52,0.93,0.76,0.90,0.67
EPS Basic,1.71,2.32,2.22,1.10,1.50,1.93,1.49,0.79,0.4228,1.62,1.63,0.77,0.85,1.70,2.04,1.22,1.26,1.67,1.85,0.91,-0.86,0.43,0.95,0.25,10.02,1.61,0.81,0.01,0.01,1.24,-0.20,0.15,0.51,0.66,0.24,-0.38,0.02,0.43,0.56,-0.31,-0.03,-0.19,-0.31,-0.96,-0.17,-0.13,-2.64,-16.15,1.00,0.56,7.66,-0.66,-10.05,0.26,-11.18,-10.68,-6.68,-6.73,-2.64,-7.64,-17.01,-5.16,-15.79,-3.12,-2.69,-1.36,1.46,-3.81,-2.98,-2.67,-1.54,-3.25,-5.99,-2.13,-0.76,-1.11,1.05,1.74,1.74,2.62,1.99,2.57,1.51,1.34,2.19,2.39,1.29,1.26,1.71,2.04,1.28,0.83,1.55,1.42,-2.89,0.47,1.74,2.27,-0.33,-0.40,1.63,-2.75,-1.05,-1.68,0.33,-6.72,-1.59,-1.52,-1.32,-1.86,-1.58,-1.95,0.09,0.28,-1.05,-2.51,-0.64,0.82,0.24,0.57,1.27,1.94,0.87,0.87,1.02,1.06,0.58,0.91,0.61,0.59,0.27,1.51,0.66,0.27,-0.08,0.03,0.37,1.05,0.52,0.93,0.76,0.90,0.67
EPS Diluted from Continuing Operations,1.71,2.31,2.21,1.09,1.49,1.92,1.49,0.79,0.42,1.61,1.62,0.77,0.84,1.69,2.03,1.21,1.25,1.65,1.83,0.90,-0.86,0.42,0.94,0.25,9.89,1.59,0.80,0.01,0.01,1.23,-0.20,0.15,0.50,0.65,0.23,-0.38,0.02,0.43,0.55,-0.31,-0.03,-0.19,-0.31,-0.96,-0.17,-0.13,-2.64,-16.15,0.39,0.56,5.61,-0.66,-10.05,0.22,-11.18,-10.68,-6.68,-6.73,-2.64,-7.64,-17.01,-5.16,-15.79,-3.12,-2.69,-1.36,1.40,-3.81,-2.98,-2.67,-1.54,-3.25,-5.99,-2.13,-0.76,-1.11,1.77,1.93,1.67,2.50,2.33,2.40,1.42,1.29,2.08,2.28,1.23,1.20,1.63,1.98,1.24,0.82,1.49,1.42,-2.89,0.47,1.29,2.24,-0.33,-0.40,0.50,-2.75,-1.05,-1.68,0.33,-0.83,-1.59,-1.52,-1.32,-1.86,-1.58,-1.95,0.09,0.28,-1.05,-2.51,-0.64,0.66,0.24,0.54,1.19,1.94,0.87,0.87,1.02,1.06,0.58,0.91,0.61,0.59,0.27,1.51,0.66,0.27,-0.08,0.03,0.37,1.05,0.52,0.93,0.76,0.90,0.67
EPS Diluted from Discontinued Operations,,,,,,,,,,,,,,,,,,,,,,,,,,,,,,,,,0.00,0.00,0.00,0.00,,0.00,0.00,0.00,0.00,0.00,0.00,0.00,0.00,0.00,0.00,0.00,0.00,0.00,0.00,0.00,0.00,0.00,0.00,0.00,0.00,0.00,0.00,0.00,0.00,0.00,0.00,0.00,0.00,0.00,0.00,0.00,,0.00,0.00,0.00,0.00,0.00,0.00,0.00,-0.81,-0.39,0.00,0.00,-0.48,0.00,0.00,0.00,0.00,0.00,0.00,0.00,0.00,0.00,0.00,0.00,0.00,0.00,0.00,0.00,0.00,0.00,0.00,0.00,0.72,0.00,0.00,0.00,0.00,-5.89,0.00,0.00,0.00,0.00,0.00,0.00,0.00,0.00,0.00,0.00,0.00,0.00,0.00,0.00,0.00,0.00,0.00,0.00,0.00,0.00,0.00,0.00,0.00,0.00,0.00,0.00,0.00,0.00,0.00,0.00,0.00,0.00,0.00,0.00,0.00,0.00,0.00
EPS Diluted from Extraordinaries,,,,,,,,,,,,,,,,,,,,,,,,,,,,,,,,,,,,,,,,,,,,,,,,,,,,,,,,,,,,,,,,,,,,,,,,,,,,,,,,,-0.4772,,,,,,,,,,,,,,,,,1.125,,,2.253,,,,,,,,,,,,,,,,,,,,,,,,,,,,,,,,,,,,,,,,,,
Normalized Diluted EPS,1.544,2.351,2.305,0.9743,1.259,1.863,1.745,0.7706,0.42,1.61,1.62,0.77,0.84,1.69,2.03,1.21,1.25,1.65,1.83,0.90,-0.8098,0.8369,0.9618,0.2999,10.01,1.670,0.8395,0.0875,0.1837,1.419,-0.0515,0.1362,0.4553,0.7170,0.3817,-0.2989,-0.0766,1.130,0.8001,-0.2147,1.326,0.1348,-0.3124,-0.8242,3.005,0.0872,0.2162,-0.6699,-1.645,0.56,5.591,-0.8070,-10.02,0.2987,-11.24,-10.68,-6.68,-6.73,-2.659,-7.615,-18.05,-4.964,-15.79,-2.970,-2.907,-1.407,0.0464,-3.690,-4.400,-1.611,-1.393,-2.897,-7.265,-1.511,-1.100,-1.008,2.027,2.150,1.266,4.139,1.850,2.380,1.304,1.212,2.055,2.080,1.222,1.212,1.539,1.98,1.439,0.7956,1.591,3.025,0.6088,0.4935,1.337,2.24,-0.27,-0.3918,0.3340,-0.0312,-1.05,-1.032,0.1344,-0.3648,-1.728,-1.773,-1.559,-2.078,-1.635,-1.775,-0.0682,0.1957,-1.162,-2.546,-0.7471,0.5599,0.1870,0.3663,1.064,1.94,0.87,0.87,1.02,1.06,0.58,0.91,0.61,0.59,0.27,1.51,0.66,0.27,-0.08,0.03,0.37,1.05,0.52,0.93,0.76,0.90,0.67
EPS Diluted,1.71,2.31,2.21,1.09,1.49,1.92,1.49,0.79,0.42,1.61,1.62,0.77,0.84,1.69,2.03,1.21,1.25,1.65,1.83,0.90,-0.86,0.42,0.94,0.25,9.89,1.59,0.80,0.01,0.01,1.23,-0.20,0.15,0.50,0.65,0.23,-0.38,0.02,0.43,0.55,-0.31,-0.03,-0.19,-0.31,-0.96,-0.17,-0.13,-2.64,-16.15,0.39,0.56,5.61,-0.66,-10.05,0.22,-11.18,-10.68,-6.68,-6.73,-2.64,-7.64,-17.01,-5.16,-15.79,-3.12,-2.69,-1.36,1.40,-3.81,-2.98,-2.67,-1.54,-3.25,-5.99,-2.13,-0.76,-1.11,1.01,1.56,1.67,2.50,1.88,2.40,1.42,1.29,2.08,2.28,1.23,1.20,1.63,1.98,1.24,0.82,1.49,1.42,-2.89,0.47,1.29,2.24,-0.33,-0.40,1.22,-2.75,-1.05,-1.68,0.33,-6.72,-1.59,-1.52,-1.32,-1.86,-1.58,-1.95,0.09,0.28,-1.05,-2.51,-0.64,0.66,0.24,0.54,1.19,1.94,0.87,0.87,1.02,1.06,0.58,0.91,0.61,0.59,0.27,1.51,0.66,0.27,-0.08,0.03,0.37,1.05,0.52,0.93,0.76,0.90,0.67
Average Basic Shares Outstanding,642.00M,646.00M,650.00M,665.00M,679.00M,686.00M,695.00M,704.00M,708.00M,716.00M,728.00M,728.00M,730.00M,740.00M,758.00M,774.00M,779.00M,788.00M,803.00M,818.00M,824.00M,834.00M,841.00M,844.00M,846.00M,851.00M,850.00M,848.00M,845.00M,846.00M,845.00M,843.00M,838.00M,838.00M,838.00M,837.00M,834.00M,835.00M,834.00M,832.00M,830.00M,828.00M,827.00M,825.00M,684.00M,396.00M,396.00M,395.67M,382.30M,393.50M,330.00M,197.30M,197.37M,200.00M,197.23M,193.91M,189.47M,168.50M,146.97M,140.84M,133.37M,126.15M,124.69M,123.88M,123.64M,123.39M,123.36M,123.36M,123.33M,123.29M,123.24M,123.24M,123.26M,123.14M,123.05M,123.03M,122.93M,153.88M,126.88M,133.21M,138.30M,139.22M,141.72M,142.54M,73.48M,148.47M,149.61M,148.41M,73.72M,149.18M,146.09M,148.19M,77.05M,102.86M,103.11M,102.13M,51.14M,101.11M,100.00M,100.00M,50.60M,102.33M,100.00M,100.60M,99.39M,100.46M,99.81M,99.41M,99.62M,99.55M,98.86M,98.56M,94.44M,96.09M,84.48M,84.66M,87.97M,86.69M,99.17M,104.56M,99.45M,98.44M,97.70M,97.93M,98.04M,97.48M,96.72M,97.03M,96.89M,97.09M,97.78M,83.11M,80.30M,85.37M,80.00M,63.33M,79.73M,80.34M,79.23M,79.46M,79.21M,79.89M,78.81M
Average Diluted Shares Outstanding,644.00M,648.00M,652.00M,667.00M,685.00M,688.00M,697.00M,706.00M,711.00M,719.00M,731.00M,731.00M,734.00M,744.00M,763.00M,780.00M,783.00M,795.00M,811.00M,826.00M,833.00M,843.00M,850.00M,853.00M,858.00M,861.00M,859.00M,855.00M,853.00M,850.00M,845.00M,847.00M,844.00M,844.00M,844.00M,837.00M,846.00M,842.00M,842.00M,832.00M,830.00M,828.00M,827.00M,825.00M,684.00M,396.00M,396.00M,395.67M,396.80M,395.10M,340.40M,197.30M,197.37M,236.36M,197.23M,193.91M,189.47M,168.50M,146.97M,140.84M,135.25M,126.15M,124.69M,123.88M,123.67M,123.39M,130.52M,123.36M,123.42M,123.29M,123.24M,123.24M,123.26M,123.14M,123.05M,123.03M,130.53M,153.88M,133.59M,139.60M,147.36M,149.93M,150.70M,148.06M,73.48M,155.42M,156.91M,155.83M,73.72M,154.24M,150.81M,150.00M,77.05M,102.86M,103.11M,102.13M,51.14M,185.71M,100.00M,100.00M,50.60M,102.33M,100.00M,100.60M,99.39M,100.46M,99.81M,99.41M,99.62M,99.55M,98.86M,98.56M,94.44M,96.09M,84.48M,84.66M,87.97M,109.55M,99.17M,110.37M,106.13M,98.44M,97.70M,97.93M,98.04M,97.48M,96.72M,97.03M,96.89M,97.09M,97.78M,83.11M,80.30M,85.37M,80.00M,63.33M,79.73M,80.34M,79.23M,79.46M,79.21M,79.89M,78.81M
Dividend Per Share,0.4025,0.4025,0.35,0.35,0.35,0.35,0.305,0.305,0.305,0.305,0.2025,0.2025,0.2025,0.2025,0.135,0.135,0.135,0.135,0.09,0.09,0.09,0.09,0.06,0.06,0.06,0.06,,,,,,,,,,,,,,,,,,,,,,,,,,,,,,,,,,,,,,,,,,,,,,,,,,,,,,,,,,,,,,,,,,,,,,,,,,,,,,,,,,,,,,,,,,,,,,,,,,,,,,,,,,,,,,,,,,,,,
As Originally Reported,AOR,AOR,AOR,AOR,AOR,AOR,AOR,AOR,AOR,AOR,AOR,AOR,AOR,AOR,AOR,AOR,AOR,AOR,AOR,AOR,AOR,AOR,AOR,AOR,AOR,AOR,AOR,AOR,AOR,AOR,AOR,AOR,AOR,AOR,AOR,AOR,AOR,AOR,AOR,AOR,AOR,AOR,AOR,AOR,AOR,AOR,AOR,AOR,AOR,AOR,AOR,AOR,AOR,AOR,AOR,AOR,AOR,AOR,AOR,AOR,AOR,AOR,AOR,AOR,AOR,AOR,AOR,AOR,AOR,AOR,AOR,AOR,AOR,AOR,AOR,AOR,AOR,AOR,AOR,AOR,,AOR,,,,AOR,,,,AOR,,,,AOR,,,,AOR,,,,AOR,,,,,,,,,,,,,,,,,,,,,,,,,,,,,,,,,,,,,,,,,
Restated,,,,,Restated,Restated,Restated,Restated,Restated,Restated,Restated,Restated,Restated,Restated,Restated,Restated,Restated,Restated,Restated,Restated,Restated,Restated,Restated,Restated,Restated,Restated,Restated,Restated,Restated,Restated,Restated,Restated,Restated,Restated,Restated,Restated,Restated,Restated,Restated,Restated,Restated,Restated,Restated,Restated,Restated,Restated,Restated,Restated,Restated,Restated,Restated,Restated,Restated,Restated,Restated,Restated,Restated,Restated,Restated,Restated,Restated,Restated,Restated,Restated,Restated,Restated,Restated,Restated,Restated,,,,Restated,,,,,,,,,Restated,,,,Restated,,,,,,,,,,,,,,,,,,,,,,,,,,,,,,,,,,,,,,,,,,,,,,,,,,,,,,,,,
