Income (Quarterly),2019-12,2019-09,2019-06,2019-03,2018-12,2018-09,2018-06,2018-03,2017-12,2017-09,2017-06,2017-03,2016-12,2016-09,2016-06,2016-03,2015-12,2015-09,2015-06,2015-03,2014-12,2014-09,2014-06,2014-03,2013-12,2013-09,2013-06,2013-03,2012-12,2012-09,2012-06,2012-03,2011-12,2011-09,2011-06,2011-03,2010-12,2010-09,2010-06,2010-03,2009-12,2009-09,2009-06,2009-03,2008-12,2008-09,2008-06,2008-03,2007-12,2007-09,2007-06,2007-03,2006-12,2006-09,2006-06,2006-03,2005-12,2005-09,2005-06,2005-03,2004-12,2004-09,2004-06,2004-03,2003-12,2003-09,2003-06,2003-03,2002-12,2002-09,2002-06,2002-03,2001-12,2001-09,2001-06,2001-03,2000-12,2000-09,2000-06,2000-03,1999-12,1999-09,1999-06,1999-03,1998-12,1998-09,1998-06,1998-03,1997-12,1997-09,1997-06,1997-03,1996-12,1996-09,1996-06,1996-03,1995-12,1995-09,1995-06,1995-03,1994-12,1994-09,1994-06,1994-03,1993-12,1993-09,1993-06,1993-03,1992-12,1992-09,1992-06,1992-03,1991-12,1991-09,1991-06,1991-03,1990-12,1990-09,1990-06,1990-03,1989-12,1989-09,1989-06,1989-03,1988-12,1988-09,1988-06,1988-03,1987-12,1987-09,1987-06,1987-03,1986-12,1986-09,1986-06,1986-03,1985-12,1985-09,1985-06,1985-03,1984-12,1984-09,1984-06,1984-03
Operating Revenue,63.02B,63.42B,67.49B,61.65B,68.25B,74.19B,71.46B,65.44B,65.31B,59.35B,56.03B,56.47B,40.40B,56.77B,56.36B,47.10B,38.06B,65.68B,71.36B,64.76B,83.87B,103.21B,105.72B,101.31B,106.02B,108.39B,103.05B,103.38B,109.16B,110.99B,112.74B,119.19B,115.91B,120.48B,121.39B,109.25B,101.04B,92.35B,89.69B,87.04B,85.48B,80.58B,72.17B,64.03B,82.23B,134.91B,133.78B,113.22B,140.35B,91.16B,95.06B,76.89B,80.12B,88.50B,87.81B,86.32B,119.04B,88.57B,79.11B,72.24B,101.09B,67.81B,62.71B,59.64B,55.71B,52.86B,50.27B,54.36B,49.38B,47.41B,44.32B,37.80B,40.34B,45.82B,49.88B,50.78B,55.80B,52.18B,49.48B,47.78B,67.08B,43.60B,38.06B,33.80B,90.03B,24.51B,25.20B,29.96B,86.68B,28.76B,28.68B,29.56B,32.50B,29.09B,27.98B,27.16B,26.90B,27.02B,27.85B,26.13B,26.51B,26.05B,24.25B,22.88B,24.53B,24.46B,24.70B,24.14B,26.90B,27.24B,24.55B,24.48B,27.12B,24.24B,24.25B,27.24B,31.86B,26.09B,23.44B,24.13B,23.70B,21.25B,23.61B,22.24B,19.48B,19.74B,19.93B,20.41B,20.45B,19.60B,18.59B,17.78B,17.52B,15.57B,16.43B,20.37B,22.71B,20.86B,21.46B,21.65B,22.87B,21.96B,22.78B,23.24B
Revenue,63.02B,63.42B,67.49B,61.65B,68.25B,74.19B,71.46B,65.44B,65.31B,59.35B,56.03B,56.47B,40.40B,56.77B,56.36B,47.10B,38.06B,65.68B,71.36B,64.76B,83.87B,103.21B,105.72B,101.31B,106.02B,108.39B,103.05B,103.38B,109.16B,110.99B,112.74B,119.19B,113.67B,121.42B,121.77B,110.18B,99.31B,92.86B,90.24B,87.71B,87.43B,80.58B,74.46B,64.03B,82.23B,134.91B,138.07B,116.85B,107.74B,102.34B,98.35B,87.22B,90.03B,99.59B,99.03B,88.98B,99.34B,100.72B,88.57B,82.05B,83.36B,76.38B,70.69B,67.60B,65.95B,59.84B,57.16B,63.78B,56.21B,54.10B,50.80B,43.39B,47.19B,56.45B,56.18B,57.30B,82.41B,52.18B,49.48B,47.78B,67.08B,43.60B,38.06B,33.80B,90.03B,24.51B,25.20B,29.96B,86.68B,28.76B,28.68B,29.56B,32.50B,29.09B,27.98B,27.16B,26.90B,27.02B,27.85B,26.13B,26.51B,26.05B,24.25B,22.88B,24.53B,24.46B,24.70B,24.14B,26.90B,27.24B,24.55B,24.48B,27.12B,24.24B,24.25B,27.24B,31.86B,26.09B,23.44B,24.13B,23.70B,21.25B,23.61B,22.24B,19.48B,19.74B,19.93B,20.41B,20.45B,19.60B,18.59B,17.78B,17.52B,15.57B,16.43B,20.37B,22.71B,20.86B,21.46B,21.65B,22.87B,21.96B,22.78B,23.24B
Cost of Goods Sold,49.18B,49.01B,53.10B,48.34B,51.98B,55.53B,54.83B,49.25B,51.19B,44.26B,42.91B,42.44B,27.83B,45.79B,45.46B,37.85B,24.17B,51.24B,56.96B,51.26B,67.16B,81.90B,84.84B,79.56B,83.78B,85.97B,81.91B,80.79B,84.94B,85.92B,88.06B,92.01B,101.60B,87.97B,79.77B,77.93B,86.20B,65.03B,63.79B,62.04B,81.28B,49.79B,51.64B,41.68B,47.56B,83.18B,96.64B,78.64B,67.92B,60.21B,55.66B,47.60B,50.18B,56.77B,55.77B,50.53B,56.94B,59.13B,51.36B,45.57B,45.25B,43.16B,38.89B,36.24B,33.86B,32.78B,29.73B,33.56B,30.45B,30.18B,27.06B,22.01B,22.77B,27.64B,30.62B,30.15B,34.82B,32.21B,30.96B,29.46B,28.65B,26.45B,21.67B,18.29B,37.81B,13.92B,14.39B,15.20B,50.47B,16.98B,17.05B,17.92B,20.23B,17.42B,16.74B,16.02B,14.87B,15.46B,16.57B,15.45B,15.39B,15.60B,14.77B,13.46B,13.97B,14.82B,15.06B,15.03B,16.56B,16.47B,15.00B,14.26B,16.66B,14.50B,14.32B,15.76B,19.71B,15.94B,13.60B,14.44B,14.26B,12.29B,,,,,,,,,,,,,,,,,,,,,,
Gross Profit,13.85B,14.41B,14.40B,13.30B,16.27B,18.66B,16.62B,16.19B,14.13B,15.09B,13.12B,14.03B,12.56B,10.98B,10.90B,9.257B,13.88B,14.43B,14.40B,13.50B,16.70B,21.31B,20.88B,21.75B,22.24B,22.42B,21.14B,22.59B,24.22B,25.07B,24.69B,27.18B,12.07B,33.44B,42.00B,32.24B,13.11B,27.83B,26.45B,25.68B,6.148B,30.80B,22.82B,22.35B,34.67B,51.74B,41.44B,38.22B,39.82B,42.13B,42.69B,39.63B,39.84B,42.82B,43.26B,38.45B,42.40B,41.59B,37.21B,36.48B,38.11B,33.22B,31.80B,31.36B,32.10B,27.06B,27.44B,30.22B,25.76B,23.92B,23.74B,21.38B,24.42B,28.81B,25.56B,27.15B,47.59B,19.97B,18.52B,18.32B,38.42B,17.14B,16.39B,15.51B,52.22B,10.59B,10.81B,14.77B,36.21B,11.79B,11.63B,11.64B,12.27B,11.66B,11.23B,11.14B,12.02B,11.57B,11.28B,10.68B,11.11B,10.45B,9.479B,9.42B,10.56B,9.633B,9.646B,9.105B,10.34B,10.77B,9.55B,10.22B,10.46B,9.735B,9.929B,11.47B,12.15B,10.14B,9.843B,9.688B,9.441B,8.961B,,,,,,,,,,,,,,,,,,,,,,
SG&A Expense,3.048B,2.753B,2.827B,2.77B,2.848B,2.892B,2.993B,2.747B,2.956B,2.632B,2.556B,2.505B,2.468B,2.736B,2.646B,2.593B,2.99B,2.967B,2.831B,2.713B,3.128B,3.169B,3.169B,3.132B,3.341B,3.15B,3.268B,3.118B,3.322B,3.468B,3.486B,3.601B,3.911B,3.764B,3.681B,3.627B,3.855B,3.707B,3.607B,3.514B,3.881B,3.887B,3.519B,3.448B,3.859B,3.823B,4.389B,3.802B,4.054B,3.656B,3.788B,3.392B,3.838B,3.412B,3.557B,3.466B,3.678B,3.765B,3.508B,3.451B,3.903B,3.372B,3.332B,3.242B,3.708B,3.246B,3.34B,3.102B,3.179B,2.73B,3.31B,3.137B,3.427B,3.196B,3.215B,3.06B,2.979B,3.358B,2.83B,2.877B,3.799B,2.77B,3.338B,3.244B,6.636B,2.106B,2.179B,2.004B,7.298B,2.088B,2.012B,1.879B,1.954B,2.051B,2.02B,1.936B,2.286B,1.857B,1.755B,1.731B,2.092B,1.783B,1.735B,1.616B,1.963B,1.676B,1.762B,1.608B,1.823B,1.812B,1.927B,1.87B,2.214B,1.905B,1.928B,1.834B,2.492B,1.863B,1.80B,1.621B,1.535B,1.75B,,,,,,,,,,,,,,,,,,,,,,
Special Income and Charges,,,,,,,,,,,,,,,,,,,,,,,,,,,,,,,,,,,,,,,,,,,,,,,,,,1.049B,1.276B,1.134B,1.45B,1.547B,1.323B,863.00M,1.591B,906.00M,625.00M,1.02B,773.00M,302.00M,461.00M,286.00M,3.219B,400.00M,383.00M,,1.334B,-129.00M,-41.00M,-83.00M,-315.00M,-145.00M,-167.00M,-121.00M,-3.503B,327.00M,616.00M,-252.00M,1.836B,,-40.00M,-14.00M,2.237B,589.00M,557.00M,,2.611B,368.00M,533.00M,485.00M,1.006B,383.00M,586.00M,731.00M,559.00M,392.00M,583.00M,582.00M,893.00M,326.00M,217.00M,340.00M,426.00M,540.00M,348.00M,365.00M,520.00M,211.00M,223.00M,480.00M,459.00M,188.00M,285.00M,492.00M,206.00M,191.00M,419.00M,330.00M,-857.00M,225.00M,,,,,,,,,,,,,,,,,,,,,,
Non Income Taxes,7.769B,7.676B,7.675B,7.405B,7.838B,8.303B,8.375B,8.147B,7.989B,7.751B,7.368B,6.996B,9.75B,6.496B,6.67B,6.104B,9.805B,6.981B,6.91B,6.613B,7.537B,8.244B,8.484B,8.021B,8.584B,8.523B,8.178B,7.945B,8.17B,7.883B,9.207B,10.30B,10.06B,10.22B,18.90B,9.403B,9.63B,9.306B,8.569B,8.613B,-9.438B,15.90B,8.436B,7.80B,15.82B,20.32B,11.42B,10.71B,42.97B,10.23B,17.70B,9.591B,9.997B,10.16B,10.17B,16.54B,40.79B,10.85B,10.47B,10.18B,37.94B,10.18B,9.931B,10.16B,10.11B,9.611B,9.113B,8.807B,8.751B,8.485B,8.391B,7.945B,8.707B,8.42B,8.057B,8.193B,8.473B,8.529B,7.624B,8.082B,31.29B,8.682B,8.222B,8.22B,37.73B,5.699B,5.534B,8.614B,16.68B,5.798B,5.449B,5.193B,5.855B,5.972B,5.623B,5.506B,6.03B,5.994B,5.84B,5.464B,5.607B,5.639B,5.146B,4.792B,5.186B,4.993B,4.984B,4.582B,5.289B,5.867B,5.094B,5.263B,5.559B,5.016B,5.091B,5.157B,5.465B,5.131B,4.839B,4.459B,4.577B,4.007B,,,,,,,,,,,,,,,,,,,,,,
Operating Interest Expense,201.00M,232.00M,216.00M,181.00M,215.00M,200.00M,147.00M,204.00M,186.00M,111.00M,158.00M,146.00M,195.00M,106.00M,75.00M,77.00M,60.00M,78.00M,85.00M,88.00M,68.00M,88.00M,64.00M,66.00M,-152.00M,52.00M,85.00M,24.00M,111.00M,59.00M,50.00M,107.00M,75.00M,98.00M,45.00M,29.00M,110.00M,54.00M,40.00M,55.00M,36.00M,62.00M,343.00M,107.00M,118.00M,318.00M,107.00M,130.00M,,,,,,,,,,,,,,,,,,,,,,,,,,,,,,,,,,,,,,,,,,,,,,,,,,,,,,,,,,,,,,,,,,,,,,,,,,,,,,,,,,,,,,,,,,,,,,,,
Net Operating Interest Income,-201.00M,-232.00M,-216.00M,-181.00M,-215.00M,-200.00M,-147.00M,-204.00M,-186.00M,-111.00M,-158.00M,-146.00M,-195.00M,-106.00M,-75.00M,-77.00M,-60.00M,-78.00M,-85.00M,-88.00M,-68.00M,-88.00M,-64.00M,-66.00M,152.00M,-52.00M,-85.00M,-24.00M,-111.00M,-59.00M,-50.00M,-107.00M,-75.00M,-98.00M,-45.00M,-29.00M,-110.00M,-54.00M,-40.00M,-55.00M,-36.00M,-62.00M,-343.00M,-107.00M,-118.00M,-318.00M,-107.00M,-130.00M,,,,,,,,,,,,,,,,,,,,,,,,,,,,,,,,,,,,,,,,,,,,,,,,,,,,,,,,,,,,,,,,,,,,,,,,,,,,,,,,,,,,,,,,,,,,,,,,
Other Operating Expenses,357.00M,299.00M,333.00M,280.00M,555.00M,292.00M,332.00M,287.00M,703.00M,284.00M,514.00M,289.00M,340.00M,327.00M,445.00M,355.00M,518.00M,324.00M,370.00M,311.00M,537.00M,319.00M,496.00M,317.00M,591.00M,486.00M,454.00M,445.00M,452.00M,494.00M,372.00M,522.00M,427.00M,728.00M,-8.021B,334.00M,551.00M,500.00M,407.00M,686.00M,685.00M,495.00M,,351.00M,368.00M,403.00M,,,,,,,,,,,,,,,,,,,,,,,,,,,,,,,,,,,,,,,,,,,,,,,,,,,,,,,,,,,,,,,,,,,,,,,,,,,,,,,,,,,,,,,,,,,,,,,,,,
Total Operating Expenses,11.17B,10.73B,10.84B,10.46B,11.24B,11.49B,11.70B,11.18B,11.65B,10.67B,10.44B,9.79B,12.56B,9.559B,9.761B,9.052B,13.31B,10.27B,10.11B,9.637B,11.20B,11.73B,12.15B,11.47B,12.52B,12.16B,11.90B,11.51B,11.94B,11.84B,13.06B,14.42B,2.892B,18.58B,18.44B,17.12B,3.546B,17.36B,15.95B,16.09B,-1.679B,23.21B,14.96B,14.39B,23.22B,27.55B,18.90B,17.61B,51.65B,17.04B,24.48B,15.92B,17.12B,16.30B,16.49B,22.65B,47.14B,17.13B,16.49B,16.19B,44.46B,15.98B,15.61B,15.78B,16.32B,15.06B,14.62B,14.09B,14.06B,13.39B,13.70B,13.08B,14.18B,13.57B,13.14B,13.23B,13.48B,13.79B,12.39B,13.09B,37.24B,13.44B,13.55B,13.64B,48.74B,9.095B,9.059B,11.96B,28.14B,9.185B,8.803B,8.437B,9.153B,9.33B,8.949B,8.814B,9.698B,9.191B,8.923B,8.531B,9.005B,8.609B,8.114B,7.697B,8.393B,7.879B,7.982B,7.384B,8.596B,8.714B,8.244B,8.435B,9.01B,8.115B,8.207B,8.196B,9.708B,8.179B,7.962B,7.366B,7.595B,6.962B,,,,,,,,,,,,,,,,,,,,,,
Operating Income,2.673B,3.683B,3.561B,2.849B,5.027B,7.169B,4.922B,5.006B,2.478B,4.419B,2.682B,4.24B,7.00M,1.422B,1.137B,205.00M,572.00M,4.162B,4.286B,3.863B,5.502B,9.574B,8.726B,10.28B,9.722B,10.26B,9.237B,11.08B,12.27B,13.23B,11.62B,12.76B,9.178B,14.86B,23.56B,15.12B,9.565B,10.47B,10.50B,9.586B,7.827B,7.591B,7.86B,7.957B,11.45B,24.19B,22.54B,20.60B,-11.83B,25.09B,18.21B,23.70B,22.73B,26.52B,26.78B,15.81B,-4.741B,24.46B,20.72B,20.29B,-6.348B,17.24B,16.19B,15.58B,15.78B,12.00B,12.81B,16.12B,11.70B,10.52B,10.04B,8.305B,10.24B,15.24B,12.42B,13.92B,34.11B,6.179B,6.124B,5.234B,1.185B,3.701B,2.839B,1.875B,3.477B,1.498B,1.751B,2.807B,8.065B,2.601B,2.829B,3.204B,3.118B,2.333B,2.282B,2.325B,2.324B,2.375B,2.353B,2.146B,2.109B,1.837B,1.365B,1.723B,2.165B,1.754B,1.664B,1.721B,1.74B,2.054B,1.306B,1.784B,1.451B,1.62B,1.722B,3.278B,2.44B,1.963B,1.881B,2.322B,1.846B,1.999B,23.61B,22.24B,-51.79B,19.74B,19.93B,20.41B,-48.96B,19.60B,18.59B,17.78B,-44.51B,15.57B,16.43B,20.37B,-53.84B,20.86B,21.46B,21.65B,-58.19B,21.96B,22.78B,23.24B
Non-Operating Interest Expense,201.00M,232.00M,216.00M,181.00M,215.00M,200.00M,147.00M,204.00M,186.00M,111.00M,158.00M,146.00M,195.00M,106.00M,75.00M,77.00M,60.00M,78.00M,85.00M,88.00M,68.00M,88.00M,64.00M,66.00M,-152.00M,52.00M,85.00M,24.00M,111.00M,59.00M,50.00M,107.00M,75.00M,98.00M,45.00M,29.00M,110.00M,54.00M,40.00M,55.00M,36.00M,62.00M,343.00M,107.00M,118.00M,318.00M,107.00M,130.00M,,,,,,,,,,,,,,,,,,,,,,,,,,,,,,,,,,,,,,,,,,,,,,,,,,,,,,,,,,,,,,,,,,,,,,,,,,,,,,,,,,,,,,,,,,,,,,,,
Net Non-Operating Interest Income Expense,-201.00M,-232.00M,-216.00M,-181.00M,-215.00M,-200.00M,-147.00M,-204.00M,-186.00M,-111.00M,-158.00M,-146.00M,-195.00M,-106.00M,-75.00M,-77.00M,-60.00M,-78.00M,-85.00M,-88.00M,-68.00M,-88.00M,-64.00M,-66.00M,152.00M,-52.00M,-85.00M,-24.00M,-111.00M,-59.00M,-50.00M,-107.00M,-75.00M,-98.00M,-45.00M,-29.00M,-110.00M,-54.00M,-40.00M,-55.00M,-36.00M,-62.00M,-343.00M,-107.00M,-118.00M,-318.00M,-107.00M,-130.00M,,,,,,,,,,,,,,,,,,,,,,,,,,,,,,,,,,,,,,,,,,,,,,,,,,,,,,,,,,,,,,,,,,,,,,,,,,,,,,,,,,,,,,,,,,,,,,,,
Other Income and Expenses,3.942B,1.27B,1.287B,1.621B,3.309B,2.111B,1.737B,2.438B,725.00M,1.275B,1.632B,1.824B,805.00M,1.91B,1.334B,1.602B,2.116B,1.665B,2.753B,2.86B,3.408B,3.924B,5.489B,5.013B,4.842B,3.982B,3.616B,4.979B,5.538B,4.152B,14.62B,4.864B,7.938B,3.915B,3.72B,3.827B,5.872B,2.443B,2.244B,2.537B,2.415B,1.675B,1.583B,,2.465B,2.824B,2.983B,2.809B,-646.00M,3.207B,3.291B,3.049B,3.17B,3.325B,3.01B,2.663B,3.217B,3.986B,1.946B,2.576B,2.247B,1.521B,1.473B,1.542B,4.013B,1.081B,998.00M,3.592B,863.00M,775.00M,791.00M,718.00M,467.00M,836.00M,916.00M,1.103B,747.00M,327.00M,616.00M,-252.00M,1.836B,,-40.00M,-14.00M,2.237B,589.00M,557.00M,,2.611B,368.00M,533.00M,485.00M,1.006B,383.00M,586.00M,731.00M,559.00M,392.00M,583.00M,582.00M,893.00M,326.00M,217.00M,340.00M,426.00M,540.00M,348.00M,365.00M,520.00M,211.00M,223.00M,480.00M,459.00M,188.00M,285.00M,492.00M,206.00M,191.00M,419.00M,330.00M,-857.00M,225.00M,,,,,,,,,,,,,,,,,,,,,,
Net Interest Income,-201.00M,-232.00M,-216.00M,-181.00M,-215.00M,-200.00M,-147.00M,-204.00M,-186.00M,-111.00M,-158.00M,-146.00M,-195.00M,-106.00M,-75.00M,-77.00M,-60.00M,-78.00M,-85.00M,-88.00M,-68.00M,-88.00M,-64.00M,-66.00M,152.00M,-52.00M,-85.00M,-24.00M,-111.00M,-59.00M,-50.00M,-107.00M,-75.00M,-98.00M,-45.00M,-29.00M,-110.00M,-54.00M,-40.00M,-55.00M,-36.00M,-62.00M,-343.00M,-107.00M,-118.00M,-318.00M,-107.00M,-130.00M,,,,,,,,,,,,,,,,,,,,,,,,,,,,,,,,,,,,,,,,,,,,,,,,,,,,,,,,,,,,,,,,,,,,,,,,,,,,,,,,,,,,,,,,,,,,,,,,
Pre-Tax Income,6.414B,4.721B,4.632B,4.289B,8.121B,9.08B,6.512B,7.24B,3.017B,5.583B,4.156B,5.918B,617.00M,3.226B,2.396B,1.73B,2.628B,5.749B,6.954B,6.635B,8.842B,13.41B,14.15B,15.23B,14.72B,14.19B,12.77B,16.04B,17.70B,17.32B,26.19B,17.52B,17.04B,18.68B,18.62B,18.92B,15.33B,12.86B,12.71B,12.07B,10.21B,9.204B,7.517B,7.85B,13.80B,26.69B,22.43B,20.47B,20.73B,16.76B,17.93B,16.06B,15.56B,18.18B,18.20B,15.46B,17.72B,16.05B,12.76B,12.90B,13.26B,9.534B,9.48B,8.962B,9.378B,5.962B,6.748B,9.878B,5.417B,4.484B,4.281B,3.328B,3.638B,5.24B,6.872B,8.22B,8.212B,6.697B,6.706B,5.266B,3.297B,3.492B,2.684B,1.677B,5.076B,2.04B,2.258B,2.709B,9.875B,2.766B,3.16B,3.518B,3.876B,2.547B,2.652B,2.841B,2.766B,2.491B,2.674B,2.511B,2.719B,1.94B,1.437B,1.708B,2.381B,2.037B,1.764B,1.87B,2.076B,1.942B,1.278B,1.991B,1.741B,1.569B,1.787B,3.421B,2.265B,1.856B,1.869B,2.19B,760.00M,1.777B,,,,,,,,,,,,,,,,,,,,,,
Provision for Income Taxes,684.00M,1.474B,1.241B,1.883B,1.915B,2.634B,2.526B,2.457B,-5.392B,1.498B,892.00M,1.828B,-1.407B,337.00M,715.00M,-51.00M,-202.00M,1.365B,2.692B,1.56B,2.06B,5.064B,5.034B,5.857B,6.073B,6.12B,5.793B,6.277B,7.398B,7.394B,8.537B,7.716B,7.317B,8.009B,7.721B,8.004B,5.811B,5.297B,4.96B,5.493B,4.067B,4.333B,3.571B,3.148B,5.375B,11.33B,10.53B,9.302B,8.062B,7.35B,7.668B,6.784B,5.311B,7.688B,7.844B,7.059B,7.008B,6.132B,5.119B,5.043B,4.845B,3.854B,3.69B,3.522B,2.728B,2.312B,2.578B,3.388B,1.727B,1.855B,1.652B,1.265B,1.06B,2.06B,2.587B,3.26B,3.491B,2.637B,2.706B,2.241B,1.013B,1.304B,730.00M,193.00M,1.842B,640.00M,638.00M,819.00M,4.103B,946.00M,1.195B,1.343B,1.381B,987.00M,1.082B,956.00M,1.086B,991.00M,1.044B,851.00M,819.00M,785.00M,552.00M,548.00M,881.00M,677.00M,529.00M,685.00M,706.00M,807.00M,323.00M,641.00M,621.00M,454.00M,662.00M,1.181B,710.00M,781.00M,769.00M,910.00M,325.00M,667.00M,,,,,,,,,,,,,,,,,,,,,,
Income from Continuing Operations,5.73B,3.247B,3.391B,2.406B,6.206B,6.446B,3.986B,4.783B,8.409B,4.085B,3.264B,4.09B,2.024B,2.889B,1.681B,1.781B,2.83B,4.384B,4.262B,5.075B,6.782B,8.346B,9.117B,9.37B,8.643B,8.069B,6.975B,9.761B,10.30B,9.926B,17.65B,9.799B,9.724B,10.67B,10.90B,10.91B,9.516B,7.561B,7.746B,6.575B,6.139B,4.871B,3.946B,4.702B,8.424B,15.37B,11.90B,11.17B,12.66B,9.41B,10.26B,9.28B,10.25B,10.49B,10.36B,8.40B,10.71B,9.92B,7.64B,7.86B,8.42B,5.68B,5.79B,5.44B,6.65B,3.65B,4.17B,6.49B,3.69B,2.629B,2.629B,2.063B,2.578B,3.18B,4.285B,4.96B,4.721B,4.06B,4.00B,3.025B,2.284B,2.188B,1.954B,1.484B,3.234B,1.40B,1.62B,1.89B,5.772B,1.82B,1.965B,2.175B,2.495B,1.56B,1.57B,1.885B,1.68B,1.50B,1.63B,1.66B,1.90B,1.155B,885.00M,1.16B,1.50B,1.36B,1.235B,1.185B,1.37B,1.135B,955.00M,1.35B,1.12B,1.115B,1.125B,2.24B,1.555B,1.075B,1.10B,1.28B,435.00M,1.11B,160.00M,1.27B,1.38B,1.225B,1.20B,1.455B,1.555B,1.065B,1.15B,1.07B,1.48B,1.055B,1.115B,1.71B,1.805B,995.00M,745.00M,1.325B,1.428B,1.275B,1.35B,1.475B
Income from Discontinued Operations,,,,,,,,,,,,,,,,,,,,,,,,,,,,,,,,,,,,,,,,,,,,,,,,,,,,,,,,,,,,,,,,,,,,,400.00M,11.00M,11.00M,27.00M,,,,,,,,,,,,,,,,,,,,,,,,,,,,,,,,,,,,,,,,,,,,,,,,,,,,,,,,,,,,,,,,,,,,,,,,
"Extraordinary Items, Income Statement",,,,,,,,,,,,,,,,,,,,,,,,,,,,,,,,,,,,,,,,,,,,,,,,,,,,,,,,,,,,,,,,,0.00,,,550.00M,,,,,,,,,,,,,,,,,0.00,,,-70.00M,,,,,,,,,,,,,,,,,,,,,,,,,,,,,,,,,,,,,,,,,,,,,,,,,,,,,,,,
Income Attributable to Minority Interest,-40.00M,-77.00M,-261.00M,-56.00M,-206.00M,-206.00M,-36.00M,-133.00M,-29.00M,-115.00M,86.00M,-80.00M,-344.00M,-239.00M,19.00M,29.00M,-50.00M,-144.00M,-72.00M,-135.00M,-212.00M,-276.00M,-337.00M,-270.00M,-293.00M,-199.00M,-115.00M,-261.00M,-352.00M,-356.00M,-1.744B,-349.00M,-324.00M,-341.00M,-218.00M,-263.00M,-266.00M,-211.00M,-186.00M,-275.00M,-89.00M,-141.00M,4.00M,-152.00M,-604.00M,-536.00M,-225.00M,-282.00M,-283.00M,-284.00M,-188.00M,-250.00M,-324.00M,-292.00M,-253.00M,-182.00M,-331.00M,-174.00M,-199.00M,-95.00M,-281.00M,-199.00M,-142.00M,-154.00M,-120.00M,-101.00M,-100.00M,-373.00M,-101.00M,-76.00M,-17.00M,-15.00M,-149.00M,-125.00M,-83.00M,-212.00M,-157.00M,-73.00M,-110.00M,-72.00M,-77.00M,-52.00M,-7.00M,-9.00M,-136.00M,-41.00M,-22.00M,-66.00M,-227.00M,-96.00M,-98.00M,-99.00M,-93.00M,-72.00M,-80.00M,-139.00M,-57.00M,-84.00M,-86.00M,-74.00M,-44.00M,-97.00M,-38.00M,-54.00M,-63.00M,-64.00M,-58.00M,-65.00M,-48.00M,-92.00M,-57.00M,-50.00M,57.00M,-76.00M,-47.00M,-101.00M,-33.00M,-58.00M,-110.00M,-71.00M,-62.00M,-74.00M,,,,,,,,,,,,,,,,,,,,,,
Net Income,5.69B,3.17B,3.13B,2.35B,6.00B,6.24B,3.95B,4.65B,8.38B,3.97B,3.35B,4.01B,1.68B,2.65B,1.70B,1.81B,2.78B,4.24B,4.19B,4.94B,6.57B,8.07B,8.78B,9.10B,8.35B,7.87B,6.86B,9.50B,9.95B,9.57B,15.91B,9.45B,9.40B,10.33B,10.68B,10.65B,9.25B,7.35B,7.56B,6.30B,6.05B,4.73B,3.95B,4.55B,7.82B,14.83B,11.68B,10.89B,11.66B,9.41B,10.26B,9.28B,10.25B,10.49B,10.36B,8.40B,10.71B,9.92B,7.64B,7.86B,8.42B,5.68B,5.79B,5.44B,6.65B,3.65B,4.17B,7.04B,4.09B,2.64B,2.64B,2.09B,2.68B,3.18B,4.46B,5.00B,5.22B,4.49B,4.53B,3.48B,2.284B,2.188B,1.954B,1.484B,3.234B,1.40B,1.62B,1.82B,5.772B,1.82B,1.965B,2.175B,2.495B,1.56B,1.57B,1.885B,1.68B,1.50B,1.63B,1.66B,1.90B,1.155B,885.00M,1.16B,1.50B,1.36B,1.235B,1.185B,1.33B,1.135B,955.00M,1.35B,1.12B,1.115B,1.125B,2.24B,1.555B,1.075B,1.10B,1.28B,970.00M,1.11B,160.00M,1.27B,1.38B,1.225B,1.20B,1.455B,1.555B,1.065B,1.15B,1.07B,1.48B,1.055B,1.115B,1.71B,1.805B,995.00M,745.00M,1.325B,1.428B,1.275B,1.35B,1.475B
Normalized Income,5.69B,3.17B,3.13B,2.35B,6.00B,6.24B,3.95B,4.65B,8.38B,3.97B,3.35B,4.01B,1.68B,2.65B,1.70B,1.81B,2.78B,4.24B,4.19B,4.94B,6.57B,8.07B,8.78B,9.10B,8.35B,7.87B,6.86B,9.50B,9.95B,9.57B,15.91B,9.45B,9.40B,10.33B,10.68B,10.65B,9.25B,7.35B,7.56B,6.30B,6.05B,4.73B,3.95B,4.55B,7.82B,14.83B,11.68B,10.89B,11.66B,8.728B,9.431B,8.543B,9.295B,9.562B,9.566B,7.882B,9.748B,9.360B,7.265B,7.239B,7.929B,5.499B,5.508B,5.266B,4.367B,3.405B,3.933B,6.49B,2.781B,2.706B,2.654B,2.114B,2.801B,3.268B,4.389B,5.033B,6.823B,3.862B,3.630B,3.176B,1.012B,2.188B,1.983B,1.496B,1.809B,995.78M,1.220B,1.89B,4.205B,1.578B,1.634B,1.875B,1.847B,1.325B,1.218B,1.400B,1.340B,1.264B,1.275B,1.275B,1.276B,959.40M,754.80M,956.00M,1.244B,1.036B,1.026B,966.00M,1.058B,1.008B,821.20M,1.062B,844.60M,1.002B,954.00M,1.945B,1.431B,960.40M,848.60M,1.082B,949.20M,975.00M,,,,,,,,,,,,,,,,,,,,,,
EBITDA,11.54B,9.826B,9.479B,9.041B,13.36B,13.94B,11.25B,11.91B,9.045B,10.57B,8.966B,10.58B,8.929B,7.937B,7.292B,6.572B,7.443B,10.37B,11.49B,11.02B,13.37B,17.86B,18.50B,19.48B,18.94B,18.53B,17.26B,20.17B,21.92B,21.42B,30.14B,21.46B,21.19B,22.64B,22.54B,22.71B,19.71B,16.76B,16.11B,15.40B,13.44B,12.19B,10.86B,10.75B,17.09B,30.02B,25.63B,23.71B,224.00M,28.25B,21.21B,26.64B,26.01B,29.24B,29.54B,18.45B,-2.07B,26.97B,23.23B,22.84B,-3.735B,19.67B,18.54B,17.95B,18.27B,14.21B,14.98B,18.31B,13.83B,12.72B,12.06B,10.32B,12.38B,17.19B,14.29B,15.90B,36.14B,8.08B,8.063B,7.362B,3.338B,5.692B,4.828B,4.046B,7.852B,2.788B,3.097B,4.151B,12.22B,3.962B,4.171B,4.569B,4.462B,3.64B,3.588B,3.697B,3.706B,3.715B,3.681B,3.482B,3.415B,3.024B,2.598B,3.012B,3.409B,2.964B,2.90B,2.915B,3.224B,3.089B,2.529B,3.086B,2.688B,2.814B,2.91B,4.483B,4.191B,3.148B,3.204B,3.608B,3.329B,3.204B,23.61B,22.24B,-51.79B,19.74B,19.93B,20.41B,-48.96B,19.60B,18.59B,17.78B,-44.51B,15.57B,16.43B,20.37B,-53.84B,20.86B,21.46B,21.65B,-58.19B,21.96B,22.78B,23.24B
Reconciled Depreciation,4.923B,4.873B,4.631B,4.571B,5.028B,4.658B,4.589B,4.47B,5.842B,4.88B,4.652B,4.519B,8.117B,4.605B,4.821B,4.765B,4.755B,4.542B,4.451B,4.30B,4.458B,4.362B,4.285B,4.192B,4.38B,4.287B,4.405B,4.11B,4.11B,4.037B,3.899B,3.842B,4.075B,3.866B,3.881B,3.761B,4.27B,3.844B,3.366B,3.28B,3.193B,2.927B,3.004B,2.793B,3.177B,3.008B,3.09B,3.104B,3.155B,3.159B,2.994B,2.942B,3.282B,2.73B,2.76B,2.644B,2.671B,2.513B,2.516B,2.553B,2.613B,2.431B,2.35B,2.373B,2.493B,2.203B,2.169B,2.182B,2.075B,2.195B,2.02B,2.02B,2.14B,1.957B,1.871B,1.976B,2.033B,1.901B,1.939B,2.128B,2.153B,1.991B,1.989B,2.171B,4.375B,1.29B,1.346B,1.344B,4.16B,1.361B,1.342B,1.365B,1.344B,1.307B,1.306B,1.372B,1.382B,1.34B,1.328B,1.336B,1.306B,1.187B,1.233B,1.289B,1.244B,1.21B,1.236B,1.194B,1.484B,1.035B,1.223B,1.302B,1.237B,1.194B,1.188B,1.205B,1.751B,1.185B,1.323B,1.286B,1.483B,1.205B,,,,,,,,,,,,,,,,,,,,,,
EBIT,6.615B,4.953B,4.848B,4.47B,8.336B,9.28B,6.659B,7.444B,3.203B,5.694B,4.314B,6.064B,812.00M,3.332B,2.471B,1.807B,2.688B,5.827B,7.039B,6.723B,8.91B,13.50B,14.22B,15.29B,14.56B,14.24B,12.85B,16.06B,17.81B,17.38B,26.24B,17.62B,17.12B,18.78B,18.66B,18.95B,15.44B,12.91B,12.75B,12.12B,10.24B,9.266B,7.86B,7.957B,13.92B,27.01B,22.54B,20.60B,-2.931B,25.09B,18.21B,23.70B,22.73B,26.52B,26.78B,15.81B,-4.741B,24.46B,20.72B,20.29B,-6.348B,17.24B,16.19B,15.58B,15.78B,12.00B,12.81B,16.12B,11.70B,10.52B,10.04B,8.305B,10.24B,15.24B,12.42B,13.92B,34.11B,6.179B,6.124B,5.234B,1.185B,3.701B,2.839B,1.875B,3.477B,1.498B,1.751B,2.807B,8.065B,2.601B,2.829B,3.204B,3.118B,2.333B,2.282B,2.325B,2.324B,2.375B,2.353B,2.146B,2.109B,1.837B,1.365B,1.723B,2.165B,1.754B,1.664B,1.721B,1.74B,2.054B,1.306B,1.784B,1.451B,1.62B,1.722B,3.278B,2.44B,1.963B,1.881B,2.322B,1.846B,1.999B,23.61B,22.24B,-51.79B,19.74B,19.93B,20.41B,-48.96B,19.60B,18.59B,17.78B,-44.51B,15.57B,16.43B,20.37B,-53.84B,20.86B,21.46B,21.65B,-58.19B,21.96B,22.78B,23.24B
EPS Basic from Continuing Operations,1.33,0.75,0.73,0.55,1.41,1.46,0.92,1.09,1.97,0.93,0.78,0.95,0.41,0.63,0.41,0.43,0.67,1.01,1.00,1.17,1.56,1.89,2.05,2.10,1.91,1.79,1.55,2.12,2.20,2.09,3.41,2.00,1.97,2.13,2.19,2.14,1.86,1.44,1.61,1.33,1.27,0.98,0.82,0.92,1.57,2.86,2.24,2.03,2.10,1.72,1.85,1.64,1.77,1.79,1.74,1.38,1.72,1.60,1.21,1.23,1.31,0.88,0.89,0.83,1.01,0.55,0.63,0.97,0.54,0.39,0.39,0.30,0.38,0.46,0.64,0.72,0.705,0.585,0.575,0.435,0.3233,0.315,0.285,0.21,0.16,0.29,0.33,0.385,0.505,0.37,0.395,0.435,0.50,0.31,0.315,0.38,0.335,0.30,0.325,0.335,0.3825,0.23,0.175,0.23,0.295,0.275,0.245,0.235,0.27,0.225,0.19,0.27,0.225,0.22,0.225,0.445,0.305,0.215,0.22,0.255,0.08,0.22,0.035,0.25,,0.235,0.225,0.265,,0.19,0.205,0.19,,0.185,0.195,0.295,,0.17,0.125,0.215,,0.20,0.205,0.22
EPS Basic from Discontinued Operations,,,,,,,,,,,,,,,,,,,,,,,,,,,,,,,,,0.00,0.00,0.00,0.00,,0.00,0.00,0.00,0.00,0.00,0.00,0.00,0.00,0.00,0.00,0.00,0.00,0.00,0.00,0.00,0.00,0.00,0.00,0.00,0.00,0.00,0.00,0.00,0.00,0.00,0.00,0.00,-0.08,0.00,0.00,0.00,0.06,0.00,0.01,0.00,-0.02,0.00,0.02,0.005,0.05,0.06,0.075,0.065,,0.00,0.00,0.00,0.005,0.00,0.00,0.00,0.00,0.00,0.00,0.00,0.00,0.00,0.00,0.00,0.00,0.00,0.00,0.00,0.00,0.00,0.00,0.00,0.00,0.00,0.00,0.00,-0.01,0.00,0.00,0.00,0.00,0.00,0.00,0.00,0.00,0.00,0.00,0.00,0.105,0.00,0.00,0.00,,0.00,0.00,0.00,,0.00,0.00,0.00,,0.00,0.00,0.00,,0.00,0.00,0.00,,0.00,0.00,0.00
EPS Basic from Extraordinaries,,,,,,,,,,,,,,,,,,,,,,,,,,,,,,,,,,,,,,,,,,,,,,,,,,,,,,,,,,,,,,,,,0.00,,,0.00,,,,,,,,,,,,,,,,,0.00,,,0.00,,,,,,,,,,,,,,,,,,,,,,,,,,,,,,,,,,,,,,,,,,,,,,,,,,,,,,,,
EPS Basic from Tax Loss Carryforward,,,,,,,,,,,,,,,,,,,,,,,,,,,,,,,,,,,,,,,,,,,,,,,,,,,,,,,,,,,,,,,,,,,,,,,,,-0.0000,,0.0259,0.0058,0.0458,0.0618,0.0760,0.0654,,,,,,,,,,,,,,,,,,,,,,,,,,,,,,,,,,,,,,,,,,,,,,,,,,,,,,,,,,,,,,,,
Normalized Basic EPS,1.33,0.75,0.73,0.55,1.41,1.46,0.92,1.09,1.97,0.93,0.78,0.95,0.41,0.63,0.41,0.43,0.67,1.01,1.00,1.17,1.56,1.89,2.05,2.10,1.91,1.79,1.55,2.12,2.20,2.09,3.41,2.00,1.97,2.13,2.19,2.14,1.86,1.44,1.61,1.33,1.27,0.98,0.82,0.92,1.57,2.86,2.24,2.03,2.10,1.595,1.701,1.510,1.605,1.632,1.607,1.295,1.565,1.510,1.151,1.133,1.233,0.8519,0.8467,0.8035,0.6623,0.5131,0.5942,0.97,0.4071,0.4014,0.3938,0.3074,0.4125,0.4727,0.6554,0.7306,1.009,0.5565,0.5220,0.4567,0.1404,0.315,0.2910,0.2126,-0.1323,0.2063,0.2486,0.385,0.1896,0.3208,0.3284,0.3750,0.3683,0.2634,0.2445,0.2822,0.2673,0.2528,0.2541,0.2574,0.2516,0.1910,0.1493,0.1896,0.2419,0.2095,0.2036,0.1916,0.2059,0.1999,0.1634,0.2124,0.1671,0.1977,0.1908,0.3864,0.2794,0.1921,0.1697,0.2156,0.1778,0.1932,0.035,0.25,,0.235,0.225,0.265,,0.19,0.205,0.19,,0.185,0.195,0.295,,0.17,0.125,0.215,,0.20,0.205,0.22
EPS Basic,1.33,0.75,0.73,0.55,1.41,1.46,0.92,1.09,1.97,0.93,0.78,0.95,0.41,0.63,0.41,0.43,0.67,1.01,1.00,1.17,1.56,1.89,2.05,2.10,1.91,1.79,1.55,2.12,2.20,2.09,3.41,2.00,1.97,2.13,2.19,2.14,1.86,1.44,1.61,1.33,1.27,0.98,0.82,0.92,1.57,2.86,2.24,2.03,2.10,1.72,1.85,1.64,1.77,1.79,1.74,1.38,1.72,1.60,1.21,1.23,1.31,0.88,0.89,0.83,1.01,0.55,0.63,1.05,0.60,0.39,0.40,0.30,0.39,0.46,0.66,0.725,0.755,0.645,0.65,0.50,0.3233,0.315,0.285,0.21,0.165,0.29,0.33,0.385,0.505,0.37,0.395,0.435,0.50,0.31,0.315,0.38,0.335,0.30,0.325,0.335,0.3825,0.23,0.175,0.23,0.295,0.275,0.245,0.235,0.26,0.225,0.19,0.27,0.225,0.22,0.225,0.445,0.305,0.215,0.22,0.255,0.185,0.22,0.035,0.25,,0.235,0.225,0.265,,0.19,0.205,0.19,,0.185,0.195,0.295,,0.17,0.125,0.215,,0.20,0.205,0.22
EPS Diluted from Continuing Operations,1.33,0.75,0.73,0.55,1.41,1.46,0.92,1.09,1.97,0.93,0.78,0.95,0.41,0.63,0.41,0.43,0.67,1.01,1.00,1.17,1.56,1.89,2.05,2.10,1.91,1.79,1.55,2.12,2.20,2.09,3.41,2.00,1.97,2.13,2.18,2.14,1.85,1.44,1.60,1.33,1.27,0.98,0.81,0.92,1.57,2.85,2.22,2.02,2.10,1.70,1.83,1.62,1.76,1.77,1.72,1.37,1.71,1.58,1.20,1.22,1.30,0.88,0.88,0.83,1.01,0.55,0.62,0.97,0.54,0.39,0.38,0.30,0.38,0.46,0.63,0.71,0.695,0.58,0.565,0.43,0.3233,0.31,0.28,0.21,0.155,0.29,0.325,0.38,0.50,0.365,0.39,0.43,0.50,0.31,0.31,0.375,0.335,0.30,0.325,0.335,0.3825,0.23,0.175,0.23,0.29,0.275,0.245,0.235,0.27,0.225,0.19,0.27,0.225,0.22,0.225,0.445,0.305,0.215,0.22,0.255,0.08,0.22,0.035,0.25,,0.235,0.225,0.265,,0.19,0.205,0.19,,0.185,0.195,0.295,,0.17,0.125,0.215,,0.20,0.205,0.22
EPS Diluted from Discontinued Operations,,,,,,,,,,,,,,,,,,,,,,,,,,,,,,,,,0.00,0.00,0.00,0.00,,0.00,0.00,0.00,0.00,0.00,0.00,0.00,0.00,0.00,0.00,0.00,0.00,0.00,0.00,0.00,0.00,0.00,0.00,0.00,0.00,0.00,0.00,0.00,0.00,0.00,0.00,0.00,-0.08,0.00,0.00,0.00,0.06,0.00,0.01,0.00,-0.02,0.00,0.02,0.005,0.05,0.06,0.075,0.065,,0.00,0.00,0.00,0.005,0.00,0.00,0.00,0.00,0.00,0.00,0.00,0.00,0.00,0.00,0.00,0.00,0.00,0.00,0.00,0.00,0.00,0.00,0.00,0.00,0.00,0.00,0.00,-0.01,0.00,0.00,0.00,0.00,0.00,0.00,0.00,0.00,0.00,0.00,0.00,0.105,0.00,0.00,0.00,,0.00,0.00,0.00,,0.00,0.00,0.00,,0.00,0.00,0.00,,0.00,0.00,0.00,,0.00,0.00,0.00
EPS Diluted from Extraordinaries,,,,,,,,,,,,,,,,,,,,,,,,,,,,,,,,,,,,,,,,,,,,,,,,,,,,,,,,,,,,,,,,,0.0003,,,0.0820,,,,,,,,,,,,,,,,,-0.0001,,,-0.0148,,,,,,,,,,,,,,,,,,,,,,,,,,,,,,,,,,,,,,,,,,,,,,,,,,,,,,,,
EPS Diluted from Tax Loss Carryforward,,,,,,,,,,,,,,,,,,,,,,,,,,,,,,,,,,,,,,,,,,,,,,,,,,,,,,,,,,,,,,,,,,,,,,,,,-0.0000,,0.0255,0.0057,0.0451,0.0613,0.0749,0.0647,,,,,,,,,,,,,,,,,,,,,,,,,,,,,,,,,,,,,,,,,,,,,,,,,,,,,,,,,,,,,,,,
Normalized Diluted EPS,1.33,0.75,0.73,0.55,1.41,1.46,0.92,1.09,1.97,0.93,0.78,0.95,0.41,0.63,0.41,0.43,0.67,1.01,1.00,1.17,1.56,1.89,2.05,2.10,1.91,1.79,1.55,2.12,2.20,2.09,3.41,2.00,1.97,2.13,2.18,2.14,1.85,1.44,1.60,1.33,1.27,0.98,0.81,0.92,1.57,2.85,2.22,2.02,2.10,1.577,1.682,1.491,1.596,1.613,1.588,1.286,1.556,1.491,1.141,1.124,1.224,0.8519,0.8372,0.8035,0.6623,0.5131,0.5848,0.97,0.4071,0.4014,0.3837,0.3074,0.4124,0.4727,0.6452,0.7204,0.9952,0.5517,0.5128,0.4515,0.1404,0.31,0.2859,0.2126,-0.1345,0.2063,0.2448,0.38,0.1885,0.3164,0.3242,0.3707,0.3715,0.2634,0.2406,0.2785,0.2673,0.2528,0.2541,0.2574,0.2587,0.1910,0.1493,0.1896,0.2379,0.2095,0.2036,0.1916,0.2059,0.1999,0.1634,0.2124,0.1671,0.1977,0.1908,0.3864,0.2794,0.1921,0.1697,0.2156,0.1778,0.1932,0.035,0.25,,0.235,0.225,0.265,,0.19,0.205,0.19,,0.185,0.195,0.295,,0.17,0.125,0.215,,0.20,0.205,0.22
EPS Diluted,1.33,0.75,0.73,0.55,1.41,1.46,0.92,1.09,1.97,0.93,0.78,0.95,0.41,0.63,0.41,0.43,0.67,1.01,1.00,1.17,1.56,1.89,2.05,2.10,1.91,1.79,1.55,2.12,2.20,2.09,3.41,2.00,1.97,2.13,2.18,2.14,1.85,1.44,1.60,1.33,1.27,0.98,0.81,0.92,1.57,2.85,2.22,2.02,2.10,1.70,1.83,1.62,1.76,1.77,1.72,1.37,1.71,1.58,1.20,1.22,1.30,0.88,0.88,0.83,1.01,0.55,0.62,1.05,0.60,0.39,0.39,0.30,0.39,0.46,0.65,0.715,0.745,0.64,0.64,0.495,0.3233,0.31,0.28,0.21,0.16,0.29,0.325,0.38,0.50,0.365,0.39,0.43,0.50,0.31,0.31,0.375,0.335,0.30,0.325,0.335,0.3825,0.23,0.175,0.23,0.29,0.275,0.245,0.235,0.26,0.225,0.19,0.27,0.225,0.22,0.225,0.445,0.305,0.215,0.22,0.255,0.185,0.22,0.035,0.25,,0.235,0.225,0.265,,0.19,0.205,0.19,,0.185,0.195,0.295,,0.17,0.125,0.215,,0.20,0.205,0.22
Average Basic Shares Outstanding,4.27B,4.271B,4.271B,4.27B,4.267B,4.271B,4.271B,4.27B,4.268B,4.271B,4.271B,4.223B,4.174B,4.178B,4.178B,4.178B,4.181B,4.19B,4.20B,4.211B,4.237B,4.267B,4.297B,4.328B,4.362B,4.395B,4.433B,4.485B,4.541B,4.597B,4.656B,4.715B,4.774B,4.839B,4.906B,4.963B,5.026B,5.076B,4.716B,4.722B,4.751B,4.784B,4.851B,4.937B,5.035B,5.149B,5.428B,5.343B,5.551B,5.47B,5.555B,5.659B,5.781B,5.860B,5.954B,6.087B,6.214B,6.20B,6.314B,6.390B,6.402B,6.455B,6.506B,6.554B,6.565B,6.636B,6.619B,6.705B,6.840B,6.769B,6.60B,6.967B,6.871B,6.913B,6.758B,6.897B,6.905B,6.961B,6.969B,6.96B,6.954B,4.856B,4.856B,4.856B,4.876B,4.828B,4.909B,4.727B,4.967B,4.919B,4.975B,5.00B,4.918B,5.032B,4.984B,4.961B,5.016B,5.00B,5.015B,4.955B,4.766B,5.022B,5.057B,5.043B,4.809B,4.945B,5.041B,5.043B,4.867B,5.044B,5.026B,5.00B,4.754B,5.068B,5.00B,5.034B,4.827B,5.00B,5.00B,5.020B,5.256B,5.045B,5.096B,5.155B,5.156B,5.232B,5.425B,5.425B,5.516B,5.705B,5.704B,5.704B,5.744B,5.777B,5.791B,5.848B,5.848B,6.019B,6.150B,6.264B,6.264B,6.264B,6.264B,6.264B
Average Diluted Shares Outstanding,4.27B,4.271B,4.271B,4.27B,4.267B,4.271B,4.271B,4.27B,4.268B,4.271B,4.271B,4.223B,4.174B,4.178B,4.178B,4.178B,4.181B,4.19B,4.20B,4.211B,4.237B,4.267B,4.297B,4.328B,4.362B,4.395B,4.433B,4.485B,4.541B,4.597B,4.656B,4.715B,4.782B,4.843B,4.912B,4.971B,5.035B,5.089B,4.729B,4.736B,4.758B,4.803B,4.871B,4.959B,5.062B,5.204B,5.428B,5.379B,5.551B,5.535B,5.62B,5.728B,5.812B,5.927B,6.023B,6.131B,6.245B,6.278B,6.367B,6.443B,6.459B,6.455B,6.580B,6.554B,6.565B,6.636B,6.726B,6.705B,6.840B,6.769B,6.769B,6.967B,6.893B,6.913B,6.862B,6.993B,7.000B,7.016B,7.078B,7.030B,6.954B,4.91B,4.91B,4.856B,4.922B,4.828B,4.985B,4.789B,5.030B,4.986B,5.038B,5.058B,5.040B,5.032B,5.065B,5.027B,5.016B,5.00B,5.015B,4.955B,5.039B,5.022B,5.057B,5.043B,4.904B,4.945B,5.041B,5.043B,4.867B,5.044B,5.026B,5.00B,4.754B,5.068B,5.00B,5.034B,4.827B,5.00B,5.00B,5.020B,5.256B,5.045B,5.096B,5.155B,5.156B,5.232B,5.425B,5.425B,5.516B,5.705B,5.704B,5.704B,5.744B,5.777B,5.791B,5.848B,5.848B,6.019B,6.150B,6.264B,6.264B,6.264B,6.264B,6.264B
Dividend Per Share,0.87,0.87,0.87,0.82,0.82,0.82,0.82,0.77,0.77,0.77,0.77,0.75,0.75,0.75,0.75,0.73,0.73,0.73,0.73,0.69,0.69,0.69,0.69,0.63,0.63,0.63,0.63,0.57,0.57,0.57,0.57,0.47,0.47,0.47,0.47,0.44,0.44,0.44,0.44,0.42,0.42,0.42,0.42,0.40,0.40,0.40,0.40,0.35,0.35,0.35,0.35,0.32,0.32,0.32,0.32,0.32,0.29,0.29,0.29,0.27,0.27,0.27,0.27,0.25,0.25,0.25,0.25,0.23,0.23,0.23,0.23,0.23,0.23,0.23,0.23,0.44,0.22,0.22,0.22,0.22,0.22,0.205,0.205,0.205,0.205,0.205,0.205,0.205,0.205,0.205,0.205,0.1975,0.1975,0.1975,0.1975,0.1875,0.1875,0.1875,0.1875,0.1875,0.1875,0.18,0.18,0.18,0.18,0.18,0.18,0.18,0.18,0.18,0.18,0.1675,0.1675,0.1675,0.1675,0.1675,0.1675,0.15,0.15,0.15,0.15,0.15,0.1375,0.1375,0.1375,0.1375,0.1375,0.125,0.125,0.125,0.1125,0.1125,0.1125,0.1125,0.1125,0.1125,,,,,,,,
As Originally Reported,AOR,AOR,AOR,AOR,AOR,AOR,AOR,AOR,AOR,AOR,AOR,AOR,AOR,AOR,AOR,AOR,AOR,AOR,AOR,AOR,AOR,AOR,AOR,AOR,AOR,AOR,AOR,AOR,AOR,AOR,AOR,AOR,AOR,AOR,AOR,AOR,AOR,AOR,AOR,AOR,AOR,AOR,AOR,AOR,,,,,,,,,,,,,,,,,,,,,,,,,,,,,,,,,,,,,,,,,,,,,,,,,,,,,,,,,,,,,,,,,,,,,,,,,,,,,,,,,,,,,,,,,,,,,,,,,,,,
Restated,,,,,Restated,Restated,Restated,Restated,Restated,Restated,Restated,Restated,Restated,Restated,Restated,Restated,Restated,Restated,Restated,Restated,Restated,Restated,Restated,Restated,Restated,Restated,Restated,Restated,Restated,Restated,Restated,Restated,Restated,Restated,Restated,Restated,Restated,Restated,Restated,Restated,Restated,Restated,Restated,Restated,Restated,Restated,Restated,Restated,Restated,,,,,,,,,,,,,,,,,,,,,,,,,,,,,,,,,,,,,,,,,,,,,,,,,,,,,,,,,,,,,,,,,,,,,,,,,,,,,,,,,,,,,,,,,,,,,,,
