Income (Quarterly),2019-12,2019-09,2019-06,2019-03,2018-12,2018-09,2018-06,2018-03,2017-12,2017-09,2017-06,2017-03,2016-12,2016-09,2016-06,2016-03,2015-12,2015-09,2015-06,2015-03,2014-12,2014-09,2014-06,2014-03,2013-12,2013-09,2013-06,2013-03,2012-12,2012-09,2012-06,2012-03,2011-12,2011-09,2011-06,2011-03,2010-12,2010-09,2010-06,2010-03,2009-12,2009-09,2009-06,2009-03,2008-12,2008-09,2008-06,2008-03,2007-12,2007-09,2007-06,2007-03,2006-12,2006-09,2006-06,2006-03,2005-12,2005-09,2005-06,2005-03,2004-12,2004-09,2004-06,2004-03,2003-12,2003-09,2003-06,2003-03,2002-12,2002-09,2002-06,2002-03,2001-12,2001-09,2001-06,2001-03,2000-12,2000-09,2000-06,2000-03,1999-12,1999-09,1999-06,1999-03,1998-12,1998-09,1998-06,1998-03,1997-12,1997-09,1997-06,1997-03,1996-12,1996-09,1996-06,1996-03,1995-12,1995-09,1995-06,1995-03,1994-12,1994-09,1994-06,1994-03,1993-12,1993-09,1993-06,1993-03,1992-12,1992-09,1992-06,1992-03,1991-12,1991-09,1991-06,1991-03,1990-12,1990-09,1990-06,1990-03,1989-12,1989-09,1989-06,1989-03,1988-12,1988-09,1988-06,1988-03,1987-12,1987-09,1987-06,1987-03,1986-12,1986-09,1986-06,1986-03,1985-12,1985-09,1985-06,1985-03,1984-12,1984-09,1984-06,1984-03
Operating Revenue,9.496B,9.086B,9.243B,8.884B,9.729B,10.76B,10.92B,10.39B,10.84B,10.12B,10.08B,9.492B,9.985B,9.804B,9.991B,9.522B,9.982B,9.611B,9.775B,9.213B,10.27B,10.11B,10.25B,9.679B,10.39B,9.647B,9.693B,9.328B,9.581B,9.342B,9.435B,9.307B,9.473B,9.298B,9.086B,8.672B,8.749B,8.139B,7.926B,7.776B,8.072B,7.70B,7.566B,7.57B,8.712B,9.275B,9.674B,8.895B,9.275B,8.735B,8.538B,8.041B,8.276B,7.952B,7.898B,7.241B,7.275B,6.90B,7.028B,6.449B,6.632B,6.395B,6.388B,6.178B,6.187B,5.768B,5.749B,5.399B,5.855B,5.569B,5.651B,5.199B,5.853B,5.789B,6.066B,5.944B,6.454B,6.216B,6.309B,6.044B,6.159B,6.036B,5.958B,5.582B,12.30B,3.741B,3.869B,3.646B,11.94B,3.657B,3.578B,3.327B,3.498B,3.348B,3.347B,3.778B,3.798B,3.499B,3.63B,3.419B,3.534B,3.11B,3.187B,2.986B,3.049B,2.822B,3.055B,2.901B,3.052B,2.936B,3.075B,2.979B,3.004B,2.877B,3.047B,2.903B,3.143B,2.961B,3.184B,3.055B,3.058B,2.827B,3.115B,2.942B,3.007B,2.864B,3.096B,2.942B,2.954B,2.679B,2.846B,2.637B,3.035B,2.907B,2.943B,2.909B,2.615B,1.631B,2.41B,2.459B,2.303B,2.275B,2.43B,2.454B
Revenue,9.496B,9.086B,9.243B,8.884B,9.729B,10.76B,10.92B,10.39B,10.84B,10.12B,10.08B,9.492B,9.985B,9.804B,9.991B,9.522B,9.982B,9.611B,9.775B,9.213B,10.27B,10.11B,10.25B,9.679B,10.39B,9.647B,9.693B,9.328B,9.581B,9.342B,9.435B,9.307B,9.473B,9.298B,9.086B,8.672B,8.749B,8.139B,7.926B,7.776B,8.072B,7.70B,7.566B,7.57B,8.712B,9.275B,9.674B,8.895B,9.275B,8.735B,8.538B,8.041B,8.276B,7.952B,7.898B,7.241B,7.276B,6.90B,7.028B,6.449B,6.632B,6.395B,6.388B,6.178B,6.187B,5.768B,5.749B,5.399B,5.855B,5.569B,5.651B,5.199B,5.853B,5.789B,6.066B,5.944B,6.454B,6.216B,6.309B,6.044B,6.159B,6.036B,5.958B,5.582B,12.30B,3.741B,3.869B,3.646B,11.94B,3.657B,3.578B,3.327B,3.498B,3.348B,3.347B,3.778B,3.798B,3.499B,3.63B,3.419B,3.534B,3.11B,3.187B,2.986B,3.049B,2.822B,3.055B,2.901B,3.052B,2.936B,3.075B,2.979B,3.004B,2.877B,3.047B,2.903B,3.143B,2.961B,3.184B,3.055B,3.058B,2.827B,3.115B,2.942B,3.007B,2.864B,3.096B,2.942B,2.954B,2.679B,2.846B,2.637B,3.035B,2.907B,2.943B,2.909B,2.615B,1.631B,2.41B,2.459B,2.303B,2.275B,2.43B,2.454B
Cost of Goods Sold,6.328B,6.038B,6.094B,5.879B,6.685B,7.556B,7.614B,7.191B,7.54B,7.054B,7.024B,6.529B,7.406B,6.903B,6.821B,6.547B,6.917B,6.654B,6.814B,6.362B,7.566B,7.128B,7.296B,6.967B,7.612B,6.942B,7.027B,6.783B,7.681B,6.808B,6.922B,6.88B,8.435B,7.033B,6.664B,6.424B,6.917B,6.17B,5.967B,5.858B,6.777B,5.797B,5.682B,5.756B,6.523B,7.476B,7.323B,6.672B,7.013B,6.646B,6.491B,6.15B,6.358B,6.111B,6.027B,5.60B,5.637B,5.302B,5.503B,5.082B,5.507B,5.087B,5.228B,4.93B,4.972B,4.509B,4.514B,4.24B,4.832B,4.236B,4.431B,4.116B,5.021B,5.368B,5.067B,4.973B,5.124B,4.845B,4.671B,4.45B,5.104B,4.574B,4.625B,4.192B,9.093B,2.838B,2.949B,2.809B,9.235B,2.84B,2.764B,2.605B,2.761B,2.598B,3.235B,3.012B,3.09B,2.80B,2.902B,2.747B,2.853B,2.503B,2.541B,2.402B,2.872B,2.136B,2.325B,2.218B,2.413B,2.27B,2.383B,2.328B,2.36B,2.275B,2.426B,2.347B,2.537B,2.348B,2.509B,2.372B,2.394B,2.167B,,,,,,,,,,,,,,,,,,,,,,
Gross Profit,3.168B,3.048B,3.149B,3.005B,3.044B,3.206B,3.305B,3.201B,3.303B,3.067B,3.054B,2.963B,2.579B,2.901B,3.17B,2.975B,3.065B,2.957B,2.961B,2.851B,2.70B,2.98B,2.957B,2.712B,2.775B,2.705B,2.666B,2.545B,1.90B,2.534B,2.513B,2.427B,1.038B,2.265B,2.422B,2.248B,1.832B,1.969B,1.959B,1.918B,1.295B,1.903B,1.884B,1.814B,2.189B,1.799B,2.351B,2.223B,2.262B,2.089B,2.047B,1.891B,1.918B,1.841B,1.871B,1.641B,1.639B,1.598B,1.525B,1.367B,1.125B,1.308B,1.16B,1.248B,1.215B,1.259B,1.235B,1.159B,1.023B,1.333B,1.22B,1.083B,832.00M,421.00M,999.00M,971.00M,1.33B,1.371B,1.638B,1.594B,1.055B,1.462B,1.333B,1.39B,3.206B,903.00M,920.00M,837.00M,2.702B,817.00M,814.00M,722.00M,737.00M,750.00M,112.00M,766.00M,708.00M,699.00M,728.00M,672.00M,681.00M,607.00M,646.00M,584.00M,177.00M,686.00M,730.00M,683.00M,639.00M,666.00M,692.00M,651.00M,644.00M,602.00M,621.00M,556.00M,606.00M,613.00M,675.00M,683.00M,664.00M,660.00M,,,,,,,,,,,,,,,,,,,,,,
SG&A Expense,1.473B,1.296B,1.387B,1.363B,1.524B,1.524B,1.528B,1.475B,1.684B,1.524B,1.456B,1.422B,1.598B,1.367B,1.329B,1.28B,1.332B,1.202B,1.242B,1.23B,1.46B,1.344B,1.375B,1.339B,1.438B,1.242B,1.281B,1.229B,1.523B,1.238B,1.226B,1.231B,1.616B,1.303B,1.248B,1.232B,1.289B,1.129B,1.11B,1.111B,1.173B,1.034B,1.084B,1.152B,1.179B,1.309B,1.29B,1.255B,1.205B,1.144B,1.127B,1.089B,1.085B,1.037B,1.086B,1.002B,936.00M,982.00M,935.00M,854.00M,865.00M,820.00M,823.00M,808.00M,756.00M,729.00M,762.00M,703.00M,782.00M,698.00M,660.00M,617.00M,656.00M,803.00M,837.00M,768.00M,822.00M,791.00M,763.00M,758.00M,1.073B,699.00M,745.00M,699.00M,1.808B,396.00M,406.00M,398.00M,1.795B,394.00M,386.00M,365.00M,365.00M,379.00M,366.00M,401.00M,402.00M,369.00M,374.00M,358.00M,381.00M,325.00M,346.00M,314.00M,370.00M,325.00M,332.00M,311.00M,720.00M,320.00M,337.00M,327.00M,345.00M,1.154B,372.00M,339.00M,364.00M,333.00M,346.00M,344.00M,336.00M,324.00M,,,,,,,,,,,,,,,,,,,,,,
Special Income and Charges,-2.00M,0.00,1.00M,0.00,-87.00M,-116.00M,-63.00M,-55.00M,-23.00M,0.00,0.00,0.00,,,,,,,,,,,,,-20.00M,0.00,0.00,,2.00M,4.00M,-1.00M,,44.00M,-2.00M,4.00M,15.00M,48.00M,-58.00M,9.00M,0.00,85.00M,29.00M,-66.00M,-14.00M,-23.00M,612.00M,8.00M,-15.00M,-23.00M,,,-6.00M,,-6.00M,-2.00M,8.00M,-25.00M,21.00M,-15.00M,32.00M,-101.00M,55.00M,251.00M,42.00M,-37.00M,-2.00M,55.00M,3.00M,-2.59B,4.00M,-160.00M,141.00M,-27.00M,,14.00M,4.00M,-36.00M,35.00M,115.00M,10.00M,-18.00M,104.00M,279.00M,18.00M,16.00M,-8.00M,,-1.00M,268.00M,14.00M,14.00M,34.00M,-48.00M,26.00M,688.00M,,-44.00M,-3.00M,1.00M,-19.00M,-7.00M,-3.00M,-3.00M,-13.00M,-88.00M,23.00M,22.00M,-29.00M,406.00M,26.00M,33.00M,42.00M,27.00M,-25.00M,91.00M,65.00M,49.00M,33.00M,31.00M,37.00M,8.00M,29.00M,,,,,,,,,,,,,,,,,,,,,,
Operating Interest Expense,91.00M,96.00M,85.00M,85.00M,90.00M,99.00M,95.00M,83.00M,81.00M,81.00M,79.00M,75.00M,86.00M,82.00M,85.00M,85.00M,84.00M,72.00M,77.00M,77.00M,82.00M,77.00M,80.00M,79.00M,83.00M,80.00M,80.00M,84.00M,87.00M,88.00M,87.00M,89.00M,91.00M,90.00M,96.00M,99.00M,92.00M,96.00M,91.00M,107.00M,109.00M,110.00M,123.00M,117.00M,114.00M,112.00M,115.00M,115.00M,,,,,,,,,,,,,,,,,,,,,,,,,,,,,,,,,,,,,,,,,,,,,,,,,,,,,,,,,,,,,,,,,,,,,,,,,,,,,,,,,,,,,,,,,,,,,,,,
Operating Interest Income,61.00M,64.00M,63.00M,67.00M,63.00M,55.00M,49.00M,50.00M,45.00M,39.00M,36.00M,31.00M,,,,,,,,,,,,,22.00M,15.00M,15.00M,17.00M,16.00M,14.00M,14.00M,14.00M,16.00M,15.00M,14.00M,13.00M,9.00M,14.00M,,9.00M,,7.00M,6.00M,12.00M,27.00M,21.00M,29.00M,25.00M,,,,,,,,,,,,,,,,,,,,,,,,,,,,,,,,,,,,,,,,,,,,,,,,,,,,,,,,,,,,,,,,,,,,,,,,,,,,,,,,,,,,,,,,,,,,,,,,
Net Operating Interest Income,-30.00M,-32.00M,-22.00M,-18.00M,-27.00M,-44.00M,-46.00M,-33.00M,-36.00M,-42.00M,-43.00M,-44.00M,20.00M,-82.00M,-85.00M,-85.00M,20.00M,-72.00M,-77.00M,-77.00M,20.00M,-77.00M,-80.00M,-79.00M,-61.00M,-65.00M,-65.00M,-67.00M,-71.00M,-74.00M,-73.00M,-75.00M,-75.00M,-75.00M,-82.00M,-86.00M,-83.00M,-82.00M,-91.00M,-98.00M,-134.00M,-103.00M,-117.00M,-105.00M,-87.00M,-91.00M,-86.00M,-90.00M,,,,,,,,,,,,,,,,,,,,,,,,,,,,,,,,,,,,,,,,,,,,,,,,,,,,,,,,,,,,,,,,,,,,,,,,,,,,,,,,,,,,,,,,,,,,,,,,
Other Operating Expenses,,,,,,,,,,,,,,,,,,,,,,,,,,,,,,,,,,,,,,,,,,,,,,,,,,,,,,,,,,,,,,,,,,,,,,,,,,,,,,,,,,,,,,,,,,,,,0.00,,-655.00M,,,,,,,,,,,,,,,,,,,,,,,,,,,,,,,,,,,,,,,,,,,,,,,,,
Total Operating Expenses,1.473B,1.296B,1.387B,1.363B,1.524B,1.524B,1.528B,1.475B,1.684B,1.524B,1.456B,1.422B,1.598B,1.367B,1.329B,1.28B,1.332B,1.202B,1.242B,1.23B,1.46B,1.344B,1.375B,1.339B,1.438B,1.242B,1.281B,1.229B,1.523B,1.238B,1.226B,1.231B,1.616B,1.303B,1.248B,1.232B,1.289B,1.129B,1.11B,1.111B,1.173B,1.034B,1.084B,1.152B,1.179B,1.309B,1.29B,1.255B,1.205B,1.144B,1.127B,1.089B,1.085B,1.037B,1.086B,1.002B,936.00M,982.00M,935.00M,854.00M,865.00M,820.00M,823.00M,808.00M,756.00M,729.00M,762.00M,703.00M,782.00M,698.00M,660.00M,617.00M,656.00M,803.00M,837.00M,768.00M,822.00M,791.00M,763.00M,758.00M,1.073B,699.00M,745.00M,699.00M,1.808B,396.00M,406.00M,398.00M,1.795B,394.00M,386.00M,365.00M,365.00M,379.00M,-289.00M,401.00M,446.00M,369.00M,374.00M,358.00M,381.00M,325.00M,346.00M,314.00M,-52.00M,456.00M,472.00M,446.00M,860.00M,449.00M,469.00M,455.00M,473.00M,1.274B,498.00M,469.00M,477.00M,449.00M,462.00M,459.00M,442.00M,429.00M,,,,,,,,,,,,,,,,,,,,,,
Operating Income,1.695B,1.752B,1.762B,1.642B,1.52B,1.682B,1.777B,1.726B,1.619B,1.543B,1.598B,1.541B,981.00M,1.534B,1.841B,1.695B,1.733B,1.755B,1.719B,1.621B,1.24B,1.636B,1.582B,1.373B,1.337B,1.463B,1.385B,1.316B,377.00M,1.296B,1.287B,1.196B,-578.00M,962.00M,1.174B,1.016B,543.00M,840.00M,849.00M,807.00M,122.00M,869.00M,800.00M,662.00M,1.01B,490.00M,1.061B,968.00M,1.057B,945.00M,920.00M,802.00M,833.00M,804.00M,785.00M,639.00M,703.00M,616.00M,590.00M,513.00M,260.00M,488.00M,337.00M,440.00M,459.00M,530.00M,473.00M,456.00M,241.00M,635.00M,560.00M,466.00M,176.00M,-382.00M,162.00M,203.00M,508.00M,580.00M,875.00M,836.00M,-18.00M,763.00M,588.00M,691.00M,1.398B,507.00M,514.00M,439.00M,907.00M,423.00M,428.00M,357.00M,372.00M,371.00M,401.00M,365.00M,262.00M,330.00M,354.00M,314.00M,300.00M,282.00M,300.00M,270.00M,229.00M,230.00M,258.00M,237.00M,-221.00M,217.00M,223.00M,196.00M,171.00M,-672.00M,123.00M,87.00M,129.00M,164.00M,213.00M,224.00M,222.00M,231.00M,3.115B,2.942B,-8.199B,2.864B,3.096B,2.942B,-7.412B,2.679B,2.846B,2.637B,-7.707B,2.907B,2.943B,2.909B,-5.605B,1.631B,2.41B,2.459B,-5.818B,2.275B,2.43B,2.454B
Non-Operating Interest Income,61.00M,64.00M,63.00M,67.00M,63.00M,55.00M,49.00M,50.00M,45.00M,39.00M,36.00M,31.00M,,,,,,,,,,,,,22.00M,15.00M,15.00M,17.00M,16.00M,14.00M,14.00M,14.00M,16.00M,15.00M,14.00M,13.00M,9.00M,14.00M,,9.00M,,7.00M,6.00M,12.00M,27.00M,21.00M,29.00M,25.00M,,,,,,,,,,,,,,,,,,,,,,,,,,,,,,,,,,,,,,,,,,,,,,,,,,,,,,,,,,,,,,,,,,,,,,,,,,,,,,,,,,,,,,,,,,,,,,,,
Non-Operating Interest Expense,91.00M,96.00M,85.00M,85.00M,90.00M,99.00M,95.00M,83.00M,81.00M,81.00M,79.00M,75.00M,86.00M,82.00M,85.00M,85.00M,84.00M,72.00M,77.00M,77.00M,82.00M,77.00M,80.00M,79.00M,83.00M,80.00M,80.00M,84.00M,87.00M,88.00M,87.00M,89.00M,91.00M,90.00M,96.00M,99.00M,92.00M,96.00M,91.00M,107.00M,109.00M,110.00M,123.00M,117.00M,114.00M,112.00M,115.00M,115.00M,,,,,,,,,,,,,,,,,,,,,,,,,,,,,,,,,,,,,,,,,,,,,,,,,,,,,,,,,,,,,,,,,,,,,,,,,,,,,,,,,,,,,,,,,,,,,,,,
Net Non-Operating Interest Income Expense,-30.00M,-32.00M,-22.00M,-18.00M,-27.00M,-44.00M,-46.00M,-33.00M,-36.00M,-42.00M,-43.00M,-44.00M,20.00M,-82.00M,-85.00M,-85.00M,20.00M,-72.00M,-77.00M,-77.00M,20.00M,-77.00M,-80.00M,-79.00M,-61.00M,-65.00M,-65.00M,-67.00M,-71.00M,-74.00M,-73.00M,-75.00M,-75.00M,-75.00M,-82.00M,-86.00M,-83.00M,-82.00M,-91.00M,-98.00M,-134.00M,-103.00M,-117.00M,-105.00M,-87.00M,-91.00M,-86.00M,-90.00M,,,,,,,,,,,,,,,,,,,,,,,,,,,,,,,,,,,,,,,,,,,,,,,,,,,,,,,,,,,,,,,,,,,,,,,,,,,,,,,,,,,,,,,,,,,,,,,,
Other Income and Expenses,103.00M,247.00M,242.00M,218.00M,227.00M,220.00M,267.00M,218.00M,84.00M,277.00M,223.00M,227.00M,436.00M,180.00M,-1.00M,18.00M,-100.00M,24.00M,20.00M,20.00M,44.00M,21.00M,21.00M,117.00M,163.00M,-14.00M,9.00M,11.00M,0.00,2.00M,9.00M,1.00M,-4.00M,6.00M,8.00M,16.00M,117.00M,-64.00M,9.00M,-7.00M,94.00M,32.00M,-57.00M,-14.00M,-9.00M,639.00M,14.00M,1.00M,-20.00M,5.00M,4.00M,-8.00M,22.00M,-10.00M,-1.00M,6.00M,27.00M,43.00M,14.00M,63.00M,-67.00M,79.00M,268.00M,49.00M,-10.00M,5.00M,61.00M,1.00M,-2.565B,11.00M,-157.00M,148.00M,-15.00M,-17.00M,-71.00M,-99.00M,-75.00M,-33.00M,129.00M,14.00M,44.00M,120.00M,267.00M,28.00M,96.00M,11.00M,29.00M,33.00M,319.00M,58.00M,69.00M,75.00M,-9.00M,57.00M,734.00M,27.00M,24.00M,35.00M,37.00M,30.00M,31.00M,28.00M,27.00M,17.00M,34.00M,23.00M,22.00M,-29.00M,406.00M,26.00M,33.00M,42.00M,27.00M,-25.00M,91.00M,65.00M,49.00M,33.00M,31.00M,37.00M,8.00M,29.00M,,,,,,,,,,,,,,,,,,,,,,
Net Interest Income,-30.00M,-32.00M,-22.00M,-18.00M,-27.00M,-44.00M,-46.00M,-33.00M,-36.00M,-42.00M,-43.00M,-44.00M,20.00M,-82.00M,-85.00M,-85.00M,20.00M,-72.00M,-77.00M,-77.00M,20.00M,-77.00M,-80.00M,-79.00M,-61.00M,-65.00M,-65.00M,-67.00M,-71.00M,-74.00M,-73.00M,-75.00M,-75.00M,-75.00M,-82.00M,-86.00M,-83.00M,-82.00M,-91.00M,-98.00M,-134.00M,-103.00M,-117.00M,-105.00M,-87.00M,-91.00M,-86.00M,-90.00M,,,,,,,,,,,,,,,,,,,,,,,,,,,,,,,,,,,,,,,,,,,,,,,,,,,,,,,,,,,,,,,,,,,,,,,,,,,,,,,,,,,,,,,,,,,,,,,,
Pre-Tax Income,1.768B,1.967B,1.982B,1.842B,1.72B,1.858B,1.998B,1.911B,1.667B,1.778B,1.778B,1.724B,1.437B,1.632B,1.755B,1.628B,1.653B,1.707B,1.662B,1.564B,1.304B,1.58B,1.523B,1.411B,1.439B,1.384B,1.329B,1.26B,306.00M,1.224B,1.223B,1.122B,-657.00M,893.00M,1.10B,946.00M,459.00M,822.00M,767.00M,702.00M,82.00M,798.00M,626.00M,543.00M,914.00M,1.038B,989.00M,879.00M,938.00M,837.00M,830.00M,716.00M,781.00M,734.00M,708.00M,575.00M,717.00M,576.00M,518.00M,486.00M,209.00M,486.00M,523.00M,405.00M,367.00M,453.00M,447.00M,373.00M,-2.347B,560.00M,315.00M,527.00M,95.00M,-498.00M,-12.00M,-7.00M,362.00M,422.00M,875.00M,739.00M,-17.00M,823.00M,796.00M,646.00M,1.343B,480.00M,511.00M,438.00M,1.14B,431.00M,458.00M,390.00M,397.00M,381.00M,433.00M,342.00M,291.00M,322.00M,345.00M,303.00M,296.00M,276.00M,289.00M,250.00M,248.00M,217.00M,237.00M,208.00M,134.00M,190.00M,204.00M,174.00M,140.00M,-759.00M,148.00M,81.00M,109.00M,128.00M,174.00M,191.00M,161.00M,177.00M,,,,,,,,,,,,,,,,,,,,,,
Provision for Income Taxes,178.00M,319.00M,426.00M,406.00M,-20.00M,-498.00M,718.00M,459.00M,4.174B,416.00M,378.00M,392.00M,389.00M,384.00M,428.00M,402.00M,450.00M,431.00M,440.00M,418.00M,329.00M,388.00M,397.00M,375.00M,475.00M,377.00M,307.00M,291.00M,51.00M,278.00M,318.00M,297.00M,-350.00M,207.00M,304.00M,256.00M,115.00M,245.00M,209.00M,206.00M,-24.00M,179.00M,166.00M,144.00M,201.00M,315.00M,261.00M,232.00M,249.00M,219.00M,219.00M,190.00M,196.00M,193.00M,187.00M,144.00M,212.00M,149.00M,244.00M,127.00M,-9.00M,114.00M,162.00M,110.00M,-40.00M,109.00M,128.00M,99.00M,-880.00M,148.00M,-144.00M,151.00M,-23.00M,-190.00M,-62.00M,-48.00M,108.00M,140.00M,258.00M,233.00M,-24.00M,269.00M,256.00M,206.00M,419.00M,151.00M,161.00M,138.00M,355.00M,139.00M,153.00M,131.00M,127.00M,128.00M,161.00M,117.00M,58.00M,105.00M,118.00M,105.00M,91.00M,87.00M,93.00M,81.00M,79.00M,49.00M,67.00M,59.00M,11.00M,50.00M,59.00M,47.00M,25.00M,-219.00M,59.00M,18.00M,2.00M,23.00M,53.00M,62.00M,46.00M,56.00M,,,,,,,,,,,,,,,,,,,,,,
Income from Continuing Operations,1.59B,1.648B,1.556B,1.436B,1.74B,2.356B,1.28B,1.452B,-2.507B,1.362B,1.40B,1.332B,1.048B,1.248B,1.327B,1.226B,1.203B,1.276B,1.222B,1.146B,975.00M,1.192B,1.126B,1.036B,964.00M,1.007B,1.022B,969.00M,255.00M,946.00M,905.00M,825.00M,-307.00M,686.00M,796.00M,690.00M,344.00M,577.00M,558.00M,496.00M,106.00M,619.00M,460.00M,399.00M,713.00M,723.00M,728.00M,647.00M,689.00M,618.00M,611.00M,526.00M,585.00M,541.00M,521.00M,431.00M,505.00M,427.00M,274.00M,358.00M,218.00M,372.00M,361.00M,295.00M,407.00M,344.00M,319.00M,274.00M,-1.467B,412.00M,459.00M,376.00M,118.00M,-308.00M,50.00M,41.00M,254.00M,282.00M,617.00M,506.00M,7.00M,554.00M,540.00M,440.00M,924.00M,329.00M,350.00M,300.00M,785.00M,292.00M,305.00M,259.00M,270.00M,253.00M,272.00M,225.00M,233.00M,217.00M,227.00M,198.00M,205.00M,189.00M,196.00M,169.00M,169.00M,168.00M,170.00M,149.00M,123.00M,140.00M,145.00M,127.00M,115.00M,-540.00M,89.00M,63.00M,107.00M,105.00M,121.00M,129.00M,115.00M,121.00M,166.00M,126.00M,104.00M,119.00M,128.00M,112.00M,77.00M,174.00M,111.00M,153.00M,69.00M,164.00M,186.00M,186.00M,-660.00M,95.00M,152.00M,134.00M,98.00M,126.00M,130.00M,133.00M
Income from Discontinued Operations,,,,,,,,,,,,,,,,,,,,,,,,,,,,,,,,,0.00,177.00M,14.00M,18.00M,25.00M,19.00M,16.00M,,,,,,,,,,,,,,0.00,,,5.00M,30.00M,37.00M,28.00M,,,,,,,,,,,,,,,,,,,,,,,,,,,,,,,,,,,,,,,,,,,,,,,,,,,,,,,,,,,,,,,,,,,,,,0.00,,,3.00M,,,,,,,,,0.00,,,
"Extraordinary Items, Income Statement",,,,,,,,,,,,,,,,,,,,,,,,,,,,,,,,,,,,,,,,,,,,,,,,,,,,,,,,,,,,,,,,,0.00,,,-20.00M,,,,,,,,,,,,,,,,,,,,,,,,,,,,,,,,,,,,,,,,,,,,,,,,,,,,,,,,,,,,,,,,,,,,,,,,,,,,
Income Attributable to Minority Interest,-28.00M,-24.00M,-15.00M,-20.00M,-19.00M,-18.00M,-13.00M,-13.00M,-12.00M,-17.00M,-8.00M,-6.00M,-11.00M,-8.00M,-8.00M,-10.00M,-9.00M,-12.00M,-28.00M,-30.00M,-19.00M,-25.00M,-27.00M,-19.00M,-17.00M,-17.00M,-1.00M,-3.00M,-4.00M,4.00M,-3.00M,-2.00M,-3.00M,-1.00M,0.00,-3.00M,0.00,2.00M,-8.00M,-7.00M,-13.00M,-11.00M,-10.00M,-2.00M,-6.00M,-4.00M,-5.00M,-4.00M,,,,,,,,,,,,,,,,,,,,,,,,,,,,,,,,,,,,,,,,,,,,,,,,,,,,,,,,,,,,,,,,,,,,,,,,,,,,,,,,,,,,,,,,,,,,,,,,
Net Income,1.562B,1.624B,1.541B,1.416B,1.721B,2.338B,1.267B,1.439B,-2.519B,1.345B,1.392B,1.326B,1.037B,1.24B,1.319B,1.216B,1.194B,1.264B,1.194B,1.116B,956.00M,1.167B,1.099B,1.017B,947.00M,990.00M,1.021B,966.00M,251.00M,950.00M,902.00M,823.00M,-310.00M,862.00M,810.00M,705.00M,369.00M,598.00M,566.00M,489.00M,93.00M,608.00M,450.00M,397.00M,707.00M,719.00M,723.00M,643.00M,689.00M,618.00M,611.00M,526.00M,585.00M,541.00M,521.00M,436.00M,514.00M,464.00M,302.00M,358.00M,218.00M,372.00M,361.00M,295.00M,407.00M,344.00M,319.00M,254.00M,-1.467B,412.00M,459.00M,376.00M,118.00M,-308.00M,50.00M,41.00M,254.00M,282.00M,617.00M,506.00M,7.00M,554.00M,540.00M,440.00M,924.00M,329.00M,350.00M,300.00M,785.00M,292.00M,305.00M,259.00M,270.00M,253.00M,272.00M,225.00M,233.00M,217.00M,227.00M,198.00M,205.00M,189.00M,196.00M,169.00M,-76.00M,168.00M,170.00M,149.00M,-1.124B,140.00M,145.00M,127.00M,115.00M,-540.00M,89.00M,63.00M,107.00M,105.00M,121.00M,129.00M,115.00M,121.00M,166.00M,126.00M,104.00M,119.00M,128.00M,112.00M,77.00M,174.00M,111.00M,156.00M,69.00M,164.00M,186.00M,186.00M,-660.00M,95.00M,152.00M,134.00M,98.00M,126.00M,130.00M,133.00M
Normalized Income,1.543B,1.588B,1.506B,1.407B,1.758B,2.412B,1.300B,1.480B,-2.503B,1.337B,1.395B,1.341B,1.037B,1.24B,1.319B,1.216B,1.194B,1.264B,1.194B,1.116B,956.00M,1.167B,1.099B,1.017B,836.46M,1.005B,1.022B,967.54M,256.00M,958.50M,904.96M,830.35M,-321.05M,690.38M,800.34M,681.89M,320.77M,621.82M,543.45M,496.77M,37.75M,589.38M,498.50M,407.29M,724.94M,292.72M,717.11M,654.04M,705.89M,618.00M,611.00M,530.41M,585.00M,545.42M,522.47M,425.00M,522.61M,411.43M,283.00M,334.36M,278.60M,329.90M,187.75M,264.41M,429.20M,345.52M,279.75M,271.80M,151.89M,409.06M,555.00M,275.40M,134.20M,-308.00M,41.60M,38.60M,279.26M,258.61M,535.91M,499.15M,17.80M,483.99M,350.73M,427.74M,912.99M,334.48M,350.00M,300.68M,600.46M,282.52M,295.68M,236.42M,302.64M,235.73M,-160.18M,225.00M,268.23M,219.02M,226.34M,210.42M,209.85M,191.05M,198.03M,177.79M,228.97M,150.19M,154.22M,169.77M,-249.67M,120.84M,121.54M,96.34M,92.82M,-522.21M,34.28M,12.44M,58.90M,77.93M,99.44M,104.01M,109.29M,101.18M,,,,,,,,,,,,,,,,,,,,,,
EBITDA,2.128B,2.326B,2.362B,2.188B,2.064B,2.243B,2.381B,2.282B,2.031B,2.144B,2.133B,2.07B,1.78B,1.974B,2.10B,1.966B,1.959B,1.998B,1.965B,1.857B,1.612B,1.884B,1.836B,1.728B,1.771B,1.709B,1.656B,1.592B,638.00M,1.538B,1.535B,1.441B,-313.00M,1.209B,1.432B,1.287B,822.00M,1.16B,1.099B,1.042B,437.00M,1.15B,984.00M,894.00M,1.238B,1.397B,1.333B,1.211B,1.274B,1.152B,1.133B,1.002B,1.031B,994.00M,1.003B,827.00M,866.00M,780.00M,749.00M,680.00M,380.00M,694.00M,479.00M,586.00M,683.00M,677.00M,621.00M,598.00M,402.00M,805.00M,724.00M,642.00M,403.00M,-160.00M,400.00M,442.00M,736.00M,818.00M,1.142B,1.098B,198.00M,987.00M,808.00M,912.00M,1.842B,658.00M,663.00M,592.00M,1.339B,574.00M,583.00M,507.00M,501.00M,521.00M,556.00M,533.00M,414.00M,483.00M,509.00M,466.00M,446.00M,418.00M,443.00M,405.00M,370.00M,361.00M,398.00M,372.00M,-81.00M,346.00M,355.00M,324.00M,299.00M,-552.00M,249.00M,217.00M,242.00M,280.00M,329.00M,339.00M,328.00M,336.00M,3.115B,2.942B,-8.199B,2.864B,3.096B,2.942B,-7.412B,2.679B,2.846B,2.637B,-7.707B,2.907B,2.943B,2.909B,-5.605B,1.631B,2.41B,2.459B,-5.818B,2.275B,2.43B,2.454B
Reconciled Depreciation,269.00M,263.00M,295.00M,261.00M,254.00M,286.00M,288.00M,288.00M,283.00M,285.00M,276.00M,271.00M,257.00M,260.00M,260.00M,253.00M,222.00M,219.00M,226.00M,216.00M,226.00M,227.00M,233.00M,238.00M,249.00M,245.00M,247.00M,248.00M,245.00M,226.00M,225.00M,230.00M,253.00M,226.00M,236.00M,242.00M,271.00M,242.00M,241.00M,233.00M,246.00M,242.00M,235.00M,234.00M,210.00M,247.00M,229.00M,217.00M,217.00M,207.00M,213.00M,200.00M,198.00M,190.00M,218.00M,188.00M,163.00M,164.00M,159.00M,167.00M,120.00M,206.00M,142.00M,146.00M,224.00M,147.00M,148.00M,142.00M,161.00M,170.00M,164.00M,176.00M,227.00M,222.00M,238.00M,239.00M,228.00M,238.00M,267.00M,262.00M,216.00M,224.00M,220.00M,221.00M,444.00M,151.00M,149.00M,153.00M,432.00M,151.00M,155.00M,150.00M,129.00M,150.00M,155.00M,168.00M,152.00M,153.00M,155.00M,152.00M,146.00M,136.00M,143.00M,135.00M,141.00M,131.00M,140.00M,135.00M,140.00M,129.00M,132.00M,128.00M,128.00M,120.00M,126.00M,130.00M,113.00M,116.00M,116.00M,115.00M,106.00M,105.00M,,,,,,,,,,,,,,,,,,,,,,
EBIT,1.859B,2.063B,2.067B,1.927B,1.81B,1.957B,2.093B,1.994B,1.748B,1.859B,1.857B,1.799B,1.523B,1.714B,1.84B,1.713B,1.737B,1.779B,1.739B,1.641B,1.386B,1.657B,1.603B,1.49B,1.522B,1.464B,1.409B,1.344B,393.00M,1.312B,1.31B,1.211B,-566.00M,983.00M,1.196B,1.045B,551.00M,918.00M,858.00M,809.00M,191.00M,908.00M,749.00M,660.00M,1.028B,1.15B,1.104B,994.00M,1.057B,945.00M,920.00M,802.00M,833.00M,804.00M,785.00M,639.00M,703.00M,616.00M,590.00M,513.00M,260.00M,488.00M,337.00M,440.00M,459.00M,530.00M,473.00M,456.00M,241.00M,635.00M,560.00M,466.00M,176.00M,-382.00M,162.00M,203.00M,508.00M,580.00M,875.00M,836.00M,-18.00M,763.00M,588.00M,691.00M,1.398B,507.00M,514.00M,439.00M,907.00M,423.00M,428.00M,357.00M,372.00M,371.00M,401.00M,365.00M,262.00M,330.00M,354.00M,314.00M,300.00M,282.00M,300.00M,270.00M,229.00M,230.00M,258.00M,237.00M,-221.00M,217.00M,223.00M,196.00M,171.00M,-672.00M,123.00M,87.00M,129.00M,164.00M,213.00M,224.00M,222.00M,231.00M,3.115B,2.942B,-8.199B,2.864B,3.096B,2.942B,-7.412B,2.679B,2.846B,2.637B,-7.707B,2.907B,2.943B,2.909B,-5.605B,1.631B,2.41B,2.459B,-5.818B,2.275B,2.43B,2.454B
EPS Basic from Continuing Operations,2.19,2.26,2.13,1.94,2.34,3.15,1.70,1.92,-3.18,1.76,1.82,1.74,1.36,1.62,1.73,1.58,1.55,1.62,1.52,1.42,1.22,1.49,1.40,1.30,1.20,1.26,1.30,1.23,0.32,1.21,1.15,1.06,-0.40,0.88,1.01,0.87,0.43,0.75,0.72,0.63,0.12,0.80,0.60,0.54,0.97,0.98,0.97,0.87,0.92,0.83,0.79,0.66,0.72,0.66,0.63,0.51,0.61,0.50,0.33,0.42,0.26,0.43,0.42,0.34,0.43,0.40,0.37,0.32,-1.777,0.50,0.56,0.46,0.15,-0.38,0.06,0.05,0.31,0.35,0.77,0.64,0.0088,0.70,0.68,0.55,0.64,0.59,0.62,0.53,0.53,0.52,0.54,0.46,0.445,0.45,0.48,0.40,0.415,0.385,0.40,0.35,0.365,0.335,0.345,0.30,-0.13,0.30,0.31,0.27,0.21,0.25,0.26,0.23,0.22,-0.99,0.17,0.12,0.20,0.19,0.22,0.23,0.19,0.21,0.28,0.22,,0.20,0.22,0.19,,0.26,0.16,0.22,,0.23,0.25,0.25,,0.21,0.41,0.35,,0.33,0.35,0.34
EPS Basic from Discontinued Operations,,,,,,,,,,,,,,,,,,,,,,,,,,,,,0.00,,,,0.00,0.23,0.02,0.03,0.03,0.02,0.02,0.00,0.00,0.00,0.00,0.00,0.00,0.00,0.00,0.00,0.00,0.00,0.00,0.00,0.00,0.00,0.00,0.01,0.03,0.04,0.03,0.00,,0.00,0.00,0.00,0.02,0.00,0.00,-0.02,,0.00,0.00,0.00,0.00,0.00,0.00,0.00,0.00,0.00,0.00,0.00,,0.00,0.00,0.00,0.00,0.00,0.00,0.00,0.00,0.00,0.00,0.00,0.00,0.00,0.00,0.00,0.00,0.00,0.00,0.00,0.00,0.00,0.00,0.00,0.00,0.00,0.00,0.00,-2.21,0.00,0.00,0.00,0.00,0.00,0.00,0.00,0.00,0.00,0.00,0.00,0.00,0.00,0.00,0.00,,0.00,0.00,0.00,0.00,0.00,0.00,0.01,,0.00,0.00,0.00,,0.00,0.00,0.00,0.00,0.00,0.00,0.00
EPS Basic from Extraordinaries,,,,,,,,,,,,,,,,,,,,,,,,,,,,,,,,,,,,,,,,,,,,,,,,,,,,,,,,,,,,,,,,,0.00,,,0.00,,,,,,,,,,,,,,,,,,,,,,,,,,,,,,,,,,,,,,,,,,,,,,,,,,,,,,,,,,,,,,,,,,,,,,,,,,,,
Normalized Basic EPS,2.164,2.210,2.082,1.928,2.391,3.249,1.745,1.975,-3.159,1.750,1.824,1.760,1.36,1.62,1.73,1.58,1.55,1.62,1.52,1.42,1.22,1.49,1.40,1.30,1.059,1.279,1.301,1.232,0.3263,1.221,1.154,1.069,-0.4143,0.8869,1.016,0.8635,0.4003,0.8051,0.7115,0.6402,0.0477,0.7755,0.6649,0.5539,0.9946,0.3968,0.9621,0.8849,0.9427,0.83,0.79,0.6655,0.72,0.6654,0.6318,0.5028,0.6310,0.4819,0.3407,0.3923,0.3317,0.3813,0.2184,0.3047,0.4543,0.4018,0.3245,0.3174,0.1958,0.4964,0.6771,0.3369,0.1682,-0.38,0.0499,0.0471,0.3412,0.3210,0.6688,0.6313,0.0224,0.5737,0.3400,0.5345,0.6204,0.5998,0.62,0.5312,0.2037,0.5032,0.5235,0.4202,0.4987,0.4195,-0.2842,0.40,0.4775,0.3886,0.3988,0.3719,0.3736,0.3386,0.3486,0.3154,-0.0216,0.2682,0.2812,0.3076,-0.4216,0.2158,0.2179,0.1745,0.1809,-0.9574,0.0655,0.0237,0.1102,0.1410,0.1808,0.1854,0.1805,0.1756,0.28,0.22,,0.20,0.22,0.19,,0.26,0.16,0.22,,0.23,0.25,0.25,,0.21,0.41,0.35,,0.33,0.35,0.34
EPS Basic,2.19,2.26,2.13,1.94,2.34,3.15,1.70,1.92,-3.18,1.76,1.82,1.74,1.36,1.62,1.73,1.58,1.55,1.62,1.52,1.42,1.22,1.49,1.40,1.30,1.20,1.26,1.30,1.23,0.32,1.21,1.15,1.06,-0.40,1.11,1.03,0.90,0.46,0.77,0.74,0.63,0.12,0.80,0.60,0.54,0.97,0.98,0.97,0.87,0.92,0.83,0.79,0.66,0.72,0.66,0.63,0.52,0.61,0.54,0.36,0.42,0.26,0.43,0.42,0.34,0.45,0.40,0.37,0.30,-1.777,0.50,0.56,0.46,0.15,-0.38,0.06,0.05,0.31,0.35,0.77,0.64,0.0088,0.70,0.68,0.55,0.64,0.59,0.62,0.53,0.53,0.52,0.54,0.46,0.445,0.45,0.48,0.40,0.415,0.385,0.40,0.35,0.365,0.335,0.345,0.30,-0.13,0.30,0.31,0.27,-2.00,0.25,0.26,0.23,0.22,-0.99,0.17,0.12,0.20,0.19,0.22,0.23,0.19,0.21,0.28,0.22,,0.20,0.22,0.19,0.00,0.26,0.16,0.23,,0.23,0.25,0.25,,0.21,0.41,0.35,0.00,0.33,0.35,0.34
EPS Diluted from Continuing Operations,2.16,2.23,2.10,1.92,2.31,3.11,1.68,1.89,-3.18,1.74,1.80,1.71,1.34,1.60,1.70,1.56,1.53,1.60,1.51,1.41,1.20,1.47,1.38,1.28,1.19,1.24,1.28,1.21,0.32,1.20,1.14,1.04,-0.40,0.87,1.00,0.86,0.43,0.74,0.71,0.63,0.11,0.80,0.60,0.54,0.97,0.97,0.96,0.85,0.91,0.81,0.78,0.66,0.71,0.66,0.63,0.51,0.60,0.50,0.33,0.42,0.26,0.43,0.42,0.34,0.43,0.40,0.37,0.32,-1.83,0.50,0.56,0.46,0.15,-0.38,0.06,0.05,0.31,0.35,0.76,0.63,0.0088,0.68,0.67,0.55,0.64,0.58,0.61,0.52,0.53,0.50,0.52,0.45,0.405,0.45,0.48,0.40,0.415,0.385,0.40,0.35,0.365,0.335,0.345,0.30,-0.13,0.30,0.31,0.27,0.21,0.25,0.26,0.23,0.22,-0.99,0.17,0.12,0.20,0.19,0.22,0.23,0.19,0.21,0.28,0.22,,0.20,0.22,0.19,,0.26,0.16,0.22,,0.23,0.25,0.25,,0.21,0.41,0.35,,0.33,0.35,0.34
EPS Diluted from Discontinued Operations,,,,,,,,,,,,,,,,,,,,,,,,,,,,,0.00,,,,0.00,0.23,0.02,0.02,0.03,0.02,0.02,0.00,0.00,0.00,0.00,0.00,0.00,0.00,0.00,0.00,0.00,0.00,0.00,0.00,0.00,0.00,0.00,0.01,0.03,0.04,0.03,0.00,0.00,0.00,0.00,0.00,0.02,0.00,0.00,-0.02,0.00,0.00,0.00,0.00,0.00,0.00,0.00,0.00,0.00,0.00,0.00,0.00,,0.00,0.00,0.00,0.00,0.00,0.00,0.00,0.00,0.00,0.00,0.00,0.00,0.00,0.00,0.00,0.00,0.00,0.00,0.00,0.00,0.00,0.00,0.00,0.00,0.00,0.00,0.00,-2.21,0.00,0.00,0.00,0.00,0.00,0.00,0.00,0.00,0.00,0.00,0.00,0.00,0.00,0.00,0.00,,0.00,0.00,0.00,0.00,0.00,0.00,0.01,,0.00,0.00,0.00,,0.00,0.00,0.00,0.00,0.00,0.00,0.00
EPS Diluted from Extraordinaries,,,,,,,,,,,,,,,,,,,,,,,,,,,,,,,,,,,,,,,,,,,,,,,,,,,,,,,,,,,,,,,,,0.0004,,,-0.0236,,,,,,,,,,,,,,,,,,,,,,,,,,,,,,,,,,,,,,,,,,,,,,,,,,,,,,,,,,,,,,,,,,,,,,,,,,,,
Normalized Diluted EPS,2.134,2.180,2.053,1.908,2.360,3.208,1.724,1.944,-3.159,1.730,1.804,1.730,1.34,1.60,1.70,1.56,1.53,1.60,1.51,1.41,1.20,1.47,1.38,1.28,1.051,1.259,1.281,1.212,0.3263,1.211,1.144,1.049,-0.4141,0.8768,1.005,0.8536,0.4007,0.7947,0.7016,0.6401,0.0380,0.7756,0.6647,0.5539,0.9946,0.3921,0.9521,0.8647,0.9324,0.81,0.78,0.6655,0.71,0.6654,0.6318,0.5028,0.6205,0.4819,0.3407,0.3923,0.3317,0.3813,0.2184,0.3047,0.4543,0.4018,0.3245,0.3174,0.0646,0.4964,0.6771,0.3369,0.1682,-0.38,0.0499,0.0471,0.3410,0.3210,0.6601,0.6215,0.0224,0.5564,0.3365,0.5348,0.6209,0.5896,0.61,0.5212,0.2126,0.4837,0.5039,0.4112,0.4544,0.4195,-0.2842,0.40,0.4771,0.3886,0.3988,0.3719,0.3735,0.3386,0.3486,0.3154,-0.0241,0.2682,0.2812,0.3076,-0.4216,0.2158,0.2179,0.1745,0.1809,-0.9574,0.0655,0.0237,0.1102,0.1410,0.1808,0.1854,0.1805,0.1756,0.28,0.22,,0.20,0.22,0.19,,0.26,0.16,0.22,,0.23,0.25,0.25,,0.21,0.41,0.35,,0.33,0.35,0.34
EPS Diluted,2.16,2.23,2.10,1.92,2.31,3.11,1.68,1.89,-3.18,1.74,1.80,1.71,1.34,1.60,1.70,1.56,1.53,1.60,1.51,1.41,1.20,1.47,1.38,1.28,1.19,1.24,1.28,1.21,0.32,1.20,1.14,1.04,-0.40,1.10,1.02,0.88,0.46,0.76,0.73,0.63,0.11,0.80,0.60,0.54,0.97,0.97,0.96,0.85,0.91,0.81,0.78,0.66,0.71,0.66,0.63,0.52,0.60,0.54,0.36,0.42,0.26,0.43,0.42,0.34,0.45,0.40,0.37,0.30,-1.83,0.50,0.56,0.46,0.15,-0.38,0.06,0.05,0.31,0.35,0.76,0.63,0.0088,0.68,0.67,0.55,0.64,0.58,0.61,0.52,0.53,0.50,0.52,0.45,0.405,0.45,0.48,0.40,0.415,0.385,0.40,0.35,0.365,0.335,0.345,0.30,-0.13,0.30,0.31,0.27,-2.00,0.25,0.26,0.23,0.22,-0.99,0.17,0.12,0.20,0.19,0.22,0.23,0.19,0.21,0.28,0.22,,0.20,0.22,0.19,0.00,0.26,0.16,0.23,,0.23,0.25,0.25,,0.21,0.41,0.35,0.00,0.33,0.35,0.34
Average Basic Shares Outstanding,713.50M,717.60M,723.20M,729.70M,734.00M,741.80M,745.50M,750.60M,759.10M,762.20M,764.20M,763.10M,762.20M,763.70M,763.30M,767.90M,771.70M,780.40M,783.30M,783.80M,783.80M,784.50M,784.50M,784.90M,785.80M,786.30M,787.60M,785.80M,787.50M,783.60M,781.40M,777.30M,774.50M,778.20M,785.00M,785.50M,782.20M,776.50M,769.60M,765.70M,764.30M,760.80M,747.70M,737.70M,728.85M,730.90M,750.10M,743.40M,745.79M,744.58M,773.42M,796.97M,811.08M,819.70M,826.98M,838.46M,840.27M,859.26M,838.89M,852.38M,845.64M,865.12M,859.52M,867.65M,913.18M,860.00M,862.16M,846.67M,820.39M,824.00M,819.64M,817.39M,888.89M,810.53M,833.33M,820.00M,810.91M,805.71M,801.30M,790.62M,795.13M,554.20M,556.60M,793.10M,562.50M,560.00M,563.20M,564.30M,565.60M,564.50M,565.40M,567.00M,608.14M,565.70M,565.54M,565.70M,563.75M,566.21M,567.89M,567.53M,564.22M,566.04M,566.53M,568.91M,553.22M,560.00M,548.39M,551.85M,590.05M,560.00M,557.69M,552.17M,567.33M,545.45M,523.53M,525.00M,535.94M,552.63M,550.00M,560.87M,603.03M,576.19M,591.84M,593.38M,591.84M,599.80M,599.80M,599.80M,599.80M,686.66M,693.71M,697.41M,697.41M,700.13M,705.28M,700.78M,700.78M,700.78M,700.78M,700.78M,332.12M,332.12M,332.12M,332.12M
Average Diluted Shares Outstanding,722.80M,726.70M,733.00M,738.80M,744.00M,752.00M,755.00M,761.00M,769.10M,771.40M,774.00M,773.90M,772.30M,774.40M,774.90M,779.60M,780.90M,789.50M,792.90M,794.00M,794.00M,795.00M,795.40M,796.40M,796.70M,797.10M,798.10M,797.10M,796.40M,792.50M,790.50M,788.10M,784.40M,786.90M,797.30M,797.70M,791.70M,782.80M,775.34M,771.70M,767.19M,764.00M,750.10M,739.30M,730.12M,737.60M,750.10M,752.90M,753.67M,762.96M,783.33M,796.97M,823.48M,819.70M,826.98M,838.46M,857.95M,859.26M,838.89M,852.38M,845.64M,865.12M,859.52M,867.65M,913.18M,860.00M,862.16M,846.67M,854.49M,824.00M,819.64M,817.39M,888.89M,810.53M,833.33M,820.00M,814.66M,805.71M,811.84M,803.17M,795.13M,566.60M,567.50M,806.60M,575.70M,571.50M,577.10M,578.40M,581.40M,581.10M,580.30M,582.40M,661.44M,565.70M,565.54M,565.70M,567.21M,566.21M,567.89M,567.53M,567.15M,566.04M,566.53M,568.91M,566.28M,560.00M,548.39M,551.85M,590.05M,560.00M,557.69M,552.17M,567.33M,545.45M,523.53M,525.00M,535.94M,552.63M,550.00M,560.87M,603.03M,576.19M,591.84M,593.38M,591.84M,599.80M,599.80M,599.80M,599.80M,686.66M,693.71M,697.41M,697.41M,700.13M,705.28M,700.78M,700.78M,700.78M,700.78M,700.78M,332.12M,332.12M,332.12M,332.12M
Dividend Per Share,0.90,0.82,0.82,0.82,0.82,0.745,0.745,0.745,0.745,0.665,0.665,0.665,0.665,0.595,0.595,0.595,0.595,0.5175,0.5175,0.5175,0.5175,0.45,0.45,0.45,0.45,0.41,0.41,0.41,0.41,0.3725,0.3725,0.3725,0.3725,0.3325,0.3325,0.3325,0.3025,0.3025,0.3025,0.3025,0.3025,0.3025,0.3025,0.3025,0.275,0.275,0.275,0.275,0.25,0.25,0.25,0.25,0.2269,0.2269,0.2269,0.2269,0.2063,0.2063,0.2063,0.2063,0.1875,0.1875,0.1875,0.1875,0.1875,0.1875,0.1875,0.1875,0.1875,0.1875,0.1875,0.1875,0.1875,0.1875,0.1875,0.1875,0.1875,0.1875,0.1875,0.1875,0.17,0.17,0.17,0.17,0.15,0.15,0.15,0.15,0.13,0.13,0.13,0.13,0.1125,0.1125,0.1125,0.1125,0.0975,0.0975,0.0975,0.0975,0.0838,0.0838,0.0838,0.0725,0.0725,0.0725,0.0725,0.0725,0.0625,0.0625,0.0625,0.0625,0.0625,0.1125,0.1125,0.1125,0.1125,0.1125,0.1125,0.1125,0.1125,0.1125,0.1125,0.1125,0.1125,0.1125,0.1125,0.1125,0.1125,0.1125,0.1125,0.1125,0.1125,0.1125,0.1125,0.1125,,,,,,,,
As Originally Reported,AOR,AOR,AOR,AOR,AOR,AOR,AOR,AOR,AOR,AOR,AOR,AOR,AOR,AOR,AOR,AOR,AOR,AOR,AOR,AOR,AOR,AOR,AOR,AOR,AOR,AOR,AOR,AOR,AOR,AOR,AOR,AOR,AOR,AOR,AOR,AOR,AOR,AOR,AOR,AOR,AOR,AOR,AOR,AOR,,,,,,,,,,,,,,,,,,,,,,,,,,,,,,,,,,,,,,,,,,,,,,,,,,,,,,,,,,,,,,,,,,,,,,,,,,,,,,,,,,,,,,,,,,,,,,,,,,,,
Restated,,,,,Restated,Restated,Restated,Restated,Restated,Restated,Restated,Restated,Restated,Restated,Restated,Restated,Restated,Restated,Restated,Restated,Restated,Restated,Restated,Restated,Restated,Restated,Restated,Restated,Restated,Restated,Restated,Restated,Restated,Restated,Restated,Restated,Restated,Restated,Restated,Restated,Restated,Restated,Restated,Restated,Restated,Restated,Restated,Restated,,,,,,,,,,,,,,,,,,,,,,,,,,,,,,,,,,,,,,,,,,,,,,,,,,,,,,,,,,,,,,,,,,,,,,,,,,,,,,,,,,,,,,,,,,,,,,,,
