Income (Quarterly),2019-12,2019-09,2019-06,2019-03,2018-12,2018-09,2018-06,2018-03,2017-12,2017-09,2017-06,2017-03,2016-12,2016-09,2016-06,2016-03,2015-12,2015-09,2015-06,2015-03,2014-12,2014-09,2014-06,2014-03,2013-12,2013-09,2013-06,2013-03,2012-12,2012-09,2012-06,2012-03,2011-12,2011-09,2011-06,2011-03,2010-12,2010-09,2010-06,2010-03,2009-12,2009-09,2009-06,2009-03,2008-12,2008-09,2008-06,2008-03,2007-12,2007-09,2007-06,2007-03,2006-12,2006-09,2006-06,2006-03,2005-12,2005-09,2005-06,2005-03,2004-12,2004-09,2004-06,2004-03,2003-12,2003-09,2003-06,2003-03,2002-12,2002-09,2002-06,2002-03,2001-12,2001-09,2001-06,2001-03,2000-12,2000-09,2000-06,2000-03,1999-12,1999-09,1999-06,1999-03,1998-12,1998-09,1998-06,1998-03,1997-12,1997-09,1997-06,1997-03,1996-12,1996-09,1996-06,1996-03,1995-12,1995-09,1995-06,1995-03,1994-12,1994-09,1994-06,1994-03,1993-12,1993-09,1993-06,1993-03,1992-12,1992-09,1992-06,1992-03,1991-12,1991-09,1991-06,1991-03,1990-12,1990-09,1990-06,1990-03,1989-12,1989-09,1989-06,1989-03,1988-12,1988-09,1988-06,1988-03,1987-12,1987-09,1987-06,1987-03,1986-12,1986-09,1986-06,1986-03,1985-12,1985-09,1985-06,1985-03,1984-12,1984-09,1984-06,1984-03
Operating Revenue,6.103B,6.94B,5.873B,6.163B,6.115B,6.628B,5.643B,6.135B,5.799B,6.482B,5.555B,5.729B,5.577B,6.576B,5.213B,5.377B,4.234B,6.483B,5.589B,6.065B,4.143B,6.395B,5.708B,6.263B,5.624B,6.217B,5.879B,5.898B,3.983B,6.722B,3.577B,3.63B,3.368B,3.964B,3.534B,3.663B,3.445B,3.946B,3.287B,3.594B,3.11B,3.396B,2.913B,3.312B,3.133B,3.508B,3.229B,3.337B,3.031B,3.688B,2.966B,3.035B,2.805B,3.279B,2.903B,1.62B,-6.724B,3.028B,5.274B,5.328B,5.542B,5.081B,5.316B,5.636B,5.24B,5.549B,5.152B,6.172B,4.953B,3.982B,3.617B,3.308B,3.739B,4.729B,15.58B,16.49B,-18.16B,15.28B,10.93B,7.236B,6.221B,6.694B,4.691B,4.178B,4.235B,5.298B,4.014B,4.115B,4.590B,4.821B,3.113B,3.786B,3.751B,3.133B,2.559B,1.162B,6.151B,1.38B,1.052B,1.111B,1.034B,1.272B,1.083B,1.099B,996.90M,1.29B,987.20M,1.008B,941.40M,1.140B,899.30M,981.30M,940.30M,1.096B,893.60M,886.60M,850.80M,1.105B,870.30M,855.40M,887.50M,1.011B,877.30M,863.20M,850.10M,1.030B,830.00M,917.40M,898.70M,1.037B,857.80M,912.60M,842.90M,940.60M,784.00M,833.40M,718.00M,751.20M,678.30M,751.40M,680.20M,729.00M,629.50M,671.30M
Revenue,6.103B,6.94B,5.873B,6.163B,6.115B,6.628B,5.643B,6.135B,5.799B,6.482B,5.555B,5.729B,5.577B,6.576B,5.213B,5.377B,4.234B,6.483B,5.589B,6.065B,4.143B,6.395B,5.708B,6.263B,5.624B,6.217B,5.879B,5.898B,3.983B,6.722B,3.577B,3.63B,3.368B,3.964B,3.534B,3.663B,3.445B,3.946B,3.287B,3.594B,3.11B,3.396B,2.913B,3.312B,3.133B,3.508B,3.229B,3.337B,3.031B,3.688B,2.966B,3.035B,2.805B,3.279B,2.903B,1.62B,-6.724B,3.028B,5.274B,5.328B,5.542B,5.081B,5.316B,5.636B,5.24B,5.549B,5.152B,6.172B,4.953B,3.982B,3.617B,3.308B,3.739B,4.729B,15.58B,16.49B,-18.16B,15.28B,10.93B,7.236B,6.221B,6.694B,4.691B,4.178B,4.235B,5.298B,4.014B,4.115B,4.590B,4.821B,3.113B,3.786B,3.751B,3.133B,2.559B,1.162B,6.151B,1.38B,1.052B,1.111B,1.034B,1.272B,1.083B,1.099B,996.90M,1.29B,987.20M,1.008B,941.40M,1.140B,899.30M,981.30M,940.30M,1.096B,893.60M,886.60M,850.80M,1.105B,870.30M,855.40M,887.50M,1.011B,877.30M,863.20M,850.10M,1.030B,830.00M,917.40M,898.70M,1.037B,857.80M,912.60M,842.90M,940.60M,784.00M,833.40M,718.00M,751.20M,678.30M,751.40M,680.20M,729.00M,629.50M,671.30M
Cost of Goods Sold,3.503B,3.51B,3.151B,3.355B,3.758B,3.573B,3.207B,3.453B,3.286B,3.407B,3.058B,3.175B,3.683B,3.497B,2.881B,3.053B,2.545B,3.621B,3.287B,3.582B,2.638B,3.716B,3.368B,3.701B,3.373B,3.563B,3.672B,3.682B,2.613B,4.40B,2.149B,2.073B,4.903B,1.388B,1.285B,1.339B,4.985B,1.361B,1.117B,1.287B,1.104B,1.138B,983.00M,1.219B,1.252B,1.411B,1.126B,1.231B,1.043B,1.329B,1.051B,1.08B,1.076B,1.164B,1.083B,388.00M,-5.32B,804.00M,3.005B,3.099B,3.139B,2.811B,3.163B,3.553B,3.004B,3.444B,3.033B,4.04B,3.023B,1.788B,1.423B,1.317B,2.259B,1.563B,13.31B,14.00B,-19.94B,12.87B,8.814B,5.449B,4.464B,4.687B,3.167B,2.589B,2.594B,3.479B,2.474B,2.633B,3.094B,3.232B,1.781B,2.301B,2.288B,1.642B,1.258B,285.80M,3.426B,345.00M,289.30M,283.70M,285.20M,344.60M,323.00M,305.50M,,,,,,,,,,,,,,,,,,,,,,,,,,,,,,,,,,,,,,,,
Gross Profit,2.60B,3.43B,2.722B,2.808B,2.357B,3.055B,2.436B,2.682B,2.513B,3.075B,2.497B,2.554B,1.894B,3.079B,2.332B,2.324B,1.689B,2.862B,2.302B,2.483B,1.505B,2.679B,2.34B,2.562B,2.251B,2.654B,2.207B,2.216B,1.37B,2.322B,1.428B,1.557B,-1.535B,2.576B,2.249B,2.324B,-1.54B,2.585B,2.17B,2.307B,2.006B,2.258B,1.93B,2.093B,1.881B,2.097B,2.103B,2.106B,1.988B,2.359B,1.915B,1.955B,1.729B,2.115B,1.82B,1.232B,-1.404B,2.224B,2.269B,2.229B,2.403B,2.27B,2.153B,2.083B,2.236B,2.105B,2.119B,2.132B,1.93B,2.194B,2.194B,1.991B,1.48B,3.166B,2.274B,2.49B,1.777B,2.413B,2.112B,1.787B,1.757B,2.007B,1.524B,1.589B,1.641B,1.819B,1.540B,1.482B,1.496B,1.588B,1.332B,1.484B,1.463B,1.492B,1.301B,876.30M,2.726B,1.035B,763.10M,827.40M,748.90M,927.90M,760.30M,793.50M,,,,,,,,,,,,,,,,,,,,,,,,,,,,,,,,,,,,,,,,
Investment Write Off,-8.00M,20.00M,4.00M,0.00,63.00M,124.00M,172.00M,43.00M,66.00M,207.00M,9.00M,0.00,4.00M,10.00M,1.00M,3.00M,-5.00M,111.00M,0.00,0.00,0.00,1.00M,16.00M,96.00M,11.00M,2.00M,386.00M,0.00,-2.00M,266.00M,0.00,402.00M,,,,,,,,,,,,,,,,,,,,,,,,,,,,,,,,,,,,,,,,,,,,,,,,,,,,,,,,,,,,,,,,,,,,,,,,,,,,,,,,,,,,,,,,,,,,,,,,,,,,,,,,,,,,,,,,
Special Income and Charges,127.00M,20.00M,-1.00M,-3.00M,156.00M,-114.00M,-169.00M,-143.00M,175.00M,-201.00M,-2.00M,11.00M,202.00M,-4.00M,7.00M,4.00M,168.00M,-107.00M,13.00M,14.00M,134.00M,3.00M,22.00M,-95.00M,227.00M,-3.00M,-385.00M,2.00M,313.00M,-252.00M,3.00M,-404.00M,-55.00M,-220.00M,100.00M,129.00M,170.00M,71.00M,-568.00M,91.00M,53.00M,-332.00M,100.00M,22.00M,-88.00M,-53.00M,75.00M,74.00M,140.00M,120.00M,121.00M,42.00M,143.00M,356.00M,220.00M,79.00M,-1.853B,759.00M,92.00M,1.355B,89.00M,74.00M,137.00M,-219.00M,26.00M,60.00M,305.00M,76.00M,89.00M,126.00M,215.00M,102.00M,418.00M,37.00M,37.00M,87.00M,373.00M,462.00M,43.00M,101.00M,107.00M,24.00M,37.00M,38.00M,13.80M,45.10M,33.60M,69.50M,22.90M,25.90M,55.00M,34.30M,24.00M,44.40M,34.00M,31.80M,18.90M,34.70M,34.90M,33.60M,34.90M,32.90M,33.90M,24.70M,,,,,,,,,,,,,,,,,,,,,,,,,,,,,,,,,,,,,,,,
Non Income Taxes,295.00M,335.00M,334.00M,343.00M,326.00M,323.00M,315.00M,316.00M,309.00M,313.00M,307.00M,304.00M,255.00M,302.00M,290.00M,295.00M,293.00M,293.00M,279.00M,264.00M,268.00M,275.00M,311.00M,350.00M,302.00M,319.00M,323.00M,343.00M,284.00M,326.00M,171.00M,184.00M,166.00M,183.00M,169.00M,186.00M,164.00M,182.00M,163.00M,193.00M,157.00M,175.00M,160.00M,193.00M,136.00M,170.00M,158.00M,175.00M,149.00M,173.00M,153.00M,174.00M,143.00M,151.00M,154.00M,86.00M,-105.00M,134.00M,145.00M,153.00M,125.00M,125.00M,124.00M,154.00M,126.00M,127.00M,134.00M,140.00M,135.00M,139.00M,132.00M,127.00M,102.00M,110.00M,104.00M,115.00M,103.00M,111.00M,102.00M,102.00M,80.00M,105.00M,87.00M,99.00M,80.70M,95.80M,91.50M,82.00M,87.40M,95.30M,89.20M,96.90M,82.20M,87.90M,83.30M,66.00M,145.10M,67.10M,61.20M,63.20M,60.10M,64.00M,61.90M,63.30M,,,,,,,,,,,,,,,,,,,,,,,,,,,,,,,,,,,,,,,,
Operating Interest Expense,547.00M,572.00M,542.00M,543.00M,544.00M,517.00M,518.00M,515.00M,511.00M,498.00M,486.00M,491.00M,485.00M,464.00M,478.00M,489.00M,319.00M,402.00M,403.00M,403.00M,317.00M,405.00M,403.00M,404.00M,418.00M,378.00M,381.00M,367.00M,387.00M,401.00M,232.00M,224.00M,224.00M,213.00M,203.00M,219.00M,216.00M,202.00M,212.00M,210.00M,191.00M,190.00M,186.00M,184.00M,189.00M,176.00M,194.00M,182.00M,,,,,,,,,,,,,,,,,,,,,,,,,,,,,,,,,,,,,,,,,,,,,,,,,,,,,,,,,,,,,,,,,,,,,,,,,,,,,,,,,,,,,,,,,,,,,,,,
Net Operating Interest Income,-516.00M,-572.00M,-542.00M,-543.00M,-524.00M,-517.00M,-518.00M,-515.00M,-498.00M,-498.00M,-486.00M,-491.00M,-464.00M,-464.00M,-478.00M,-489.00M,-299.00M,-402.00M,-403.00M,-403.00M,-301.00M,-405.00M,-403.00M,-404.00M,-392.00M,-378.00M,-381.00M,-367.00M,-337.00M,-401.00M,-232.00M,-224.00M,-171.00M,-213.00M,-203.00M,-219.00M,-149.00M,-202.00M,-212.00M,-210.00M,-191.00M,-190.00M,-186.00M,-184.00M,-59.00M,-176.00M,-194.00M,-182.00M,,,,,,,,,,,,,,,,,,,,,,,,,,,,,,,,,,,,,,,,,,,,,,,,,,,,,,,,,,,,,,,,,,,,,,,,,,,,,,,,,,,,,,,,,,,,,,,,
Other Operating Expenses,,,,,,,,,,,,,,,,,,,,,,,,,,,,,,,,,,866.00M,959.00M,880.00M,,881.00M,944.00M,899.00M,819.00M,805.00M,848.00M,811.00M,851.00M,838.00M,877.00M,785.00M,960.00M,782.00M,833.00M,749.00M,1.001B,897.00M,1.007B,535.00M,-71.00M,794.00M,896.00M,929.00M,1.098B,800.00M,827.00M,784.00M,4.237B,1.218B,881.00M,674.00M,918.00M,1.09B,823.00M,852.00M,1.00B,1.189B,964.00M,877.00M,982.00M,908.00M,865.00M,624.00M,1.768B,724.00M,634.00M,575.00M,958.00M,617.90M,633.40M,528.70M,754.80M,631.30M,570.10M,545.00M,700.60M,503.30M,385.60M,275.90M,1.196B,295.70M,274.50M,226.10M,342.00M,267.50M,300.60M,244.00M,,,,,,,,,,,,,,,,,,,,,,,,,,,,,,,,,,,,,,,,
Total Operating Expenses,1.479B,1.521B,1.423B,1.432B,1.421B,1.362B,1.288B,1.283B,1.242B,1.213B,1.142B,1.163B,1.147B,1.121B,1.08B,1.088B,1.005B,1.067B,1.069B,1.041B,932.00M,1.063B,1.073B,1.105B,1.03B,991.00M,1.001B,1.003B,809.00M,992.00M,646.00M,663.00M,-2.079B,1.504B,1.565B,1.52B,-2.103B,1.51B,1.533B,1.548B,1.379B,1.412B,1.415B,1.418B,1.394B,1.44B,1.453B,1.373B,1.509B,1.429B,1.425B,1.356B,1.53B,1.49B,1.605B,894.00M,-402.00M,1.334B,1.503B,1.563B,1.67B,1.425B,1.371B,1.372B,4.814B,1.818B,1.453B,1.245B,1.393B,1.654B,1.352B,1.323B,1.347B,1.674B,1.394B,1.308B,1.388B,1.319B,1.318B,1.029B,1.98B,1.123B,993.00M,944.00M,1.139B,993.60M,990.80M,873.40M,1.094B,982.10M,980.10M,874.50M,1.012B,838.60M,822.20M,518.80M,1.795B,530.50M,499.30M,458.00M,569.00M,497.10M,517.90M,466.90M,,,,,,,,,,,,,,,,,,,,,,,,,,,,,,,,,,,,,,,,
Operating Income,1.121B,1.909B,1.299B,1.376B,936.00M,1.693B,1.148B,1.399B,1.271B,1.862B,1.355B,1.391B,747.00M,1.958B,1.252B,1.236B,684.00M,1.795B,1.233B,1.442B,573.00M,1.616B,1.267B,1.457B,1.221B,1.663B,1.206B,1.213B,561.00M,1.33B,782.00M,894.00M,544.00M,1.072B,684.00M,804.00M,563.00M,1.075B,637.00M,759.00M,627.00M,846.00M,515.00M,675.00M,487.00M,657.00M,650.00M,733.00M,479.00M,930.00M,490.00M,599.00M,199.00M,625.00M,215.00M,338.00M,-1.002B,890.00M,766.00M,666.00M,733.00M,845.00M,782.00M,711.00M,-2.578B,287.00M,666.00M,887.00M,537.00M,540.00M,842.00M,668.00M,133.00M,1.492B,880.00M,1.182B,389.00M,1.094B,794.00M,758.00M,-223.00M,884.00M,531.00M,645.00M,502.00M,825.80M,548.80M,608.40M,401.80M,606.30M,352.00M,610.00M,450.60M,653.10M,479.20M,357.50M,930.60M,504.50M,263.80M,369.40M,179.90M,430.80M,242.40M,326.60M,996.90M,1.29B,987.20M,1.008B,941.40M,1.140B,899.30M,981.30M,940.30M,1.096B,893.60M,886.60M,850.80M,1.105B,870.30M,855.40M,887.50M,1.011B,877.30M,863.20M,850.10M,1.030B,830.00M,917.40M,898.70M,1.037B,857.80M,912.60M,842.90M,940.60M,784.00M,833.40M,718.00M,751.20M,678.30M,751.40M,680.20M,729.00M,629.50M,671.30M
Non-Operating Interest Expense,547.00M,572.00M,542.00M,543.00M,544.00M,517.00M,518.00M,515.00M,511.00M,498.00M,486.00M,491.00M,485.00M,464.00M,478.00M,489.00M,319.00M,402.00M,403.00M,403.00M,317.00M,405.00M,403.00M,404.00M,418.00M,378.00M,381.00M,367.00M,387.00M,401.00M,232.00M,224.00M,224.00M,213.00M,203.00M,219.00M,216.00M,202.00M,212.00M,210.00M,191.00M,190.00M,186.00M,184.00M,189.00M,176.00M,194.00M,182.00M,,,,,,,,,,,,,,,,,,,,,,,,,,,,,,,,,,,,,,,,,,,,,,,,,,,,,,,,,,,,,,,,,,,,,,,,,,,,,,,,,,,,,,,,,,,,,,,,
Net Non-Operating Interest Income Expense,-516.00M,-572.00M,-542.00M,-543.00M,-524.00M,-517.00M,-518.00M,-515.00M,-498.00M,-498.00M,-486.00M,-491.00M,-464.00M,-464.00M,-478.00M,-489.00M,-299.00M,-402.00M,-403.00M,-403.00M,-301.00M,-405.00M,-403.00M,-404.00M,-392.00M,-378.00M,-381.00M,-367.00M,-337.00M,-401.00M,-232.00M,-224.00M,-171.00M,-213.00M,-203.00M,-219.00M,-149.00M,-202.00M,-212.00M,-210.00M,-191.00M,-190.00M,-186.00M,-184.00M,-59.00M,-176.00M,-194.00M,-182.00M,,,,,,,,,,,,,,,,,,,,,,,,,,,,,,,,,,,,,,,,,,,,,,,,,,,,,,,,,,,,,,,,,,,,,,,,,,,,,,,,,,,,,,,,,,,,,,,,
Other Income and Expenses,104.00M,174.00M,132.00M,155.00M,21.00M,54.00M,-23.00M,-81.00M,93.00M,-43.00M,149.00M,161.00M,229.00M,22.00M,103.00M,82.00M,87.00M,-33.00M,108.00M,101.00M,43.00M,140.00M,144.00M,36.00M,155.00M,84.00M,-315.00M,118.00M,105.00M,-87.00M,113.00M,-270.00M,45.00M,-177.00M,148.00M,161.00M,269.00M,92.00M,-532.00M,120.00M,90.00M,-318.00M,119.00M,28.00M,-88.00M,-137.00M,14.00M,117.00M,140.00M,120.00M,121.00M,42.00M,143.00M,356.00M,220.00M,79.00M,-1.853B,759.00M,92.00M,1.355B,89.00M,74.00M,137.00M,-219.00M,26.00M,60.00M,305.00M,76.00M,89.00M,126.00M,215.00M,102.00M,418.00M,37.00M,37.00M,87.00M,373.00M,462.00M,43.00M,101.00M,107.00M,24.00M,37.00M,38.00M,13.80M,45.10M,33.60M,69.50M,22.90M,25.90M,55.00M,34.30M,24.00M,44.40M,34.00M,31.80M,18.90M,34.70M,34.90M,33.60M,34.90M,32.90M,33.90M,24.70M,,,,,,,,,,,,,,,,,,,,,,,,,,,,,,,,,,,,,,,,
Net Interest Income,-516.00M,-572.00M,-542.00M,-543.00M,-524.00M,-517.00M,-518.00M,-515.00M,-498.00M,-498.00M,-486.00M,-491.00M,-464.00M,-464.00M,-478.00M,-489.00M,-299.00M,-402.00M,-403.00M,-403.00M,-301.00M,-405.00M,-403.00M,-404.00M,-392.00M,-378.00M,-381.00M,-367.00M,-337.00M,-401.00M,-232.00M,-224.00M,-171.00M,-213.00M,-203.00M,-219.00M,-149.00M,-202.00M,-212.00M,-210.00M,-191.00M,-190.00M,-186.00M,-184.00M,-59.00M,-176.00M,-194.00M,-182.00M,,,,,,,,,,,,,,,,,,,,,,,,,,,,,,,,,,,,,,,,,,,,,,,,,,,,,,,,,,,,,,,,,,,,,,,,,,,,,,,,,,,,,,,,,,,,,,,,
Pre-Tax Income,709.00M,1.511B,889.00M,988.00M,433.00M,1.23B,607.00M,803.00M,866.00M,1.321B,1.018B,1.061B,512.00M,1.516B,877.00M,829.00M,472.00M,1.36B,938.00M,1.14B,315.00M,1.351B,1.008B,1.089B,984.00M,1.369B,510.00M,964.00M,329.00M,842.00M,663.00M,400.00M,409.00M,677.00M,633.00M,746.00M,674.00M,967.00M,-102.00M,671.00M,494.00M,351.00M,461.00M,525.00M,356.00M,346.00M,503.00M,686.00M,430.00M,877.00M,451.00M,476.00M,181.00M,791.00M,247.00M,311.00M,-1.939B,1.411B,485.00M,1.311B,471.00M,528.00M,540.00M,98.00M,-2.877B,-17.00M,596.00M,587.00M,307.00M,338.00M,721.00M,540.00M,337.00M,1.276B,655.00M,881.00M,365.00M,1.268B,520.00M,643.00M,-355.00M,724.00M,415.00M,516.00M,353.00M,702.20M,442.90M,538.90M,290.30M,513.20M,293.60M,516.20M,348.50M,569.40M,389.40M,317.80M,658.60M,467.10M,226.00M,330.60M,144.30M,394.70M,210.10M,286.70M,,,,,,,,,,,,,,,,,,,,,,,,,,,,,,,,,,,,,,,,
Provision for Income Taxes,95.00M,188.00M,141.00M,95.00M,-1.00M,168.00M,100.00M,181.00M,161.00M,364.00M,327.00M,344.00M,136.00M,515.00M,253.00M,252.00M,138.00M,420.00M,334.00M,364.00M,144.00M,460.00M,282.00M,339.00M,296.00M,423.00M,165.00M,330.00M,58.00M,248.00M,214.00M,103.00M,119.00M,208.00M,192.00M,233.00M,247.00M,301.00M,116.00M,226.00M,158.00M,244.00M,177.00M,179.00M,95.00M,132.00M,167.00M,222.00M,117.00M,304.00M,152.00M,139.00M,-19.00M,310.00M,51.00M,108.00M,-720.00M,487.00M,157.00M,451.00M,168.00M,147.00M,134.00M,33.00M,-1.075B,-22.00M,195.00M,195.00M,98.00M,108.00M,247.00M,158.00M,107.00M,480.00M,236.00M,327.00M,81.00M,498.00M,191.00M,250.00M,-166.00M,283.00M,127.00M,209.00M,129.30M,273.50M,163.40M,210.80M,105.70M,203.70M,125.00M,204.50M,138.90M,218.20M,152.30M,126.50M,264.50M,181.90M,88.50M,129.30M,50.70M,151.00M,82.10M,113.10M,,,,,,,,,,,,,,,,,,,,,,,,,,,,,,,,,,,,,,,,
Income from Continuing Operations,614.00M,1.323B,748.00M,893.00M,434.00M,1.062B,507.00M,622.00M,705.00M,957.00M,691.00M,717.00M,376.00M,1.001B,624.00M,577.00M,334.00M,940.00M,604.00M,776.00M,171.00M,891.00M,726.00M,750.00M,688.00M,946.00M,345.00M,634.00M,271.00M,594.00M,449.00M,297.00M,290.00M,469.00M,441.00M,513.00M,427.00M,666.00M,-218.00M,445.00M,336.00M,107.00M,284.00M,346.00M,261.00M,214.00M,336.00M,464.00M,313.00M,573.00M,299.00M,337.00M,200.00M,481.00M,196.00M,203.00M,-1.219B,924.00M,328.00M,860.00M,303.00M,381.00M,406.00M,65.00M,-1.802B,5.00M,401.00M,392.00M,209.00M,230.00M,474.00M,382.00M,230.00M,796.00M,419.00M,554.00M,284.00M,770.00M,329.00M,393.00M,-189.00M,441.00M,288.00M,307.00M,223.70M,428.70M,279.50M,328.10M,184.60M,309.50M,168.60M,311.70M,209.60M,351.20M,237.10M,191.30M,394.10M,285.20M,137.50M,201.30M,93.60M,243.70M,128.00M,173.60M,120.80M,241.40M,122.50M,141.70M,124.30M,190.50M,86.90M,106.40M,100.00M,207.80M,138.40M,137.40M,80.40M,213.80M,116.90M,127.00M,122.20M,194.80M,127.30M,127.30M,24.20M,192.90M,95.80M,135.20M,92.70M,165.00M,102.80M,139.70M,92.10M,152.50M,89.80M,133.40M,89.50M,119.40M,94.00M,134.70M,97.80M,139.00M,101.30M,123.20M
Income from Discontinued Operations,-7.00M,0.00,0.00,,20.00M,4.00M,-5.00M,,-2.00M,-2.00M,-2.00M,,-598.00M,180.00M,-112.00M,122.00M,148.00M,-5.00M,-57.00M,91.00M,-71.00M,378.00M,-113.00M,-843.00M,4.00M,62.00M,-3.00M,0.00,166.00M,4.00M,-1.00M,2.00M,0.00,1.00M,0.00,0.00,2.00M,0.00,1.00M,,12.00M,-1.00M,-2.00M,3.00M,2.00M,-1.00M,13.00M,2.00M,-70.00M,34.00M,-6.00M,20.00M,187.00M,282.00M,159.00M,155.00M,1.829B,-883.00M,-19.00M,8.00M,55.00M,8.00M,26.00M,246.00M,-217.00M,44.00M,23.00M,-5.00M,,,,,,,,,,,,,,,,,,,,,,,,,,,,,,,,,,,,,,,,,,,,,,,,,,,,,,,,,,,,,,,,,,,,,,,,,,,,
"Extraordinary Items, Income Statement",,,,,,,,,,,,,,,,,,,,,,,,,,,,,,,,,,,,,,,,,,,,,,,,,,,,,,,,,,,,,,,,,0.00,,,-162.00M,,,,,0.00,,,-96.00M,,,,,,,,,,,,,,,,,,,,,,,,,,,,,,,,,,,,,,,,,,,,,,,,,,,,,,,,,,,,,,,,,,,,
Income Attributable to Minority Interest,67.00M,19.00M,84.00M,7.00M,10.00M,16.00M,-2.00M,-2.00M,0.00,-1.00M,-3.00M,-1.00M,-5.00M,-5.00M,-3.00M,-5.00M,-5.00M,-3.00M,-4.00M,-3.00M,-3.00M,5.00M,-4.00M,-4.00M,-4.00M,-4.00M,-3.00M,0.00,-2.00M,-4.00M,-4.00M,-4.00M,-2.00M,2.00M,-6.00M,-2.00M,-2.00M,4.00M,-5.00M,0.00,-2.00M,3.00M,-6.00M,-5.00M,1.00M,2.00M,2.00M,-1.00M,-3.00M,4.00M,-1.00M,-2.00M,1.00M,-8.00M,-3.00M,-3.00M,484.00M,-10.00M,-78.00M,-420.00M,-54.00M,-62.00M,-43.00M,-38.00M,28.00M,11.00M,-50.00M,-50.00M,-8.00M,-14.00M,-62.00M,-32.00M,-60.00M,-62.00M,-45.00M,-160.00M,-156.00M,-31.00M,-89.00M,-31.00M,-43.00M,-31.00M,-33.00M,-35.00M,-33.90M,-30.00M,-16.70M,-15.40M,-12.30M,1.60M,-1.80M,-10.50M,-4.00M,-2.20M,,,,,,,,,,,,,,,,,,,,,,,,,,,,,,,,,,,,,,,,,,,,,,,,,,
Preferred Stock Dividend,14.00M,15.00M,12.00M,,,,,,,,,,,,,,,,,,,,,,,,,,,,,,,,,,,,,,,,,,,,,,,,,,,,,,5.00M,3.00M,2.00M,2.00M,2.00M,2.00M,3.00M,2.00M,2.00M,3.00M,7.00M,3.00M,3.00M,3.00M,4.00M,3.00M,2.00M,4.00M,4.00M,4.00M,5.00M,4.00M,5.00M,5.00M,5.00M,5.00M,5.00M,5.00M,4.50M,4.90M,5.10M,6.50M,39.60M,11.10M,11.00M,11.00M,11.00M,11.10M,11.00M,11.10M,11.10M,12.40M,12.70M,12.70M,12.50M,12.50M,12.40M,12.30M,,,,,,,,,,,,,,,,,,,,,,,,,,,,,,,,,,,,,,,,
Net Income,674.00M,1.342B,832.00M,900.00M,464.00M,1.082B,500.00M,620.00M,703.00M,954.00M,686.00M,716.00M,-227.00M,1.176B,509.00M,694.00M,477.00M,932.00M,543.00M,864.00M,97.00M,1.274B,609.00M,-97.00M,688.00M,1.004B,339.00M,634.00M,435.00M,594.00M,444.00M,295.00M,288.00M,472.00M,435.00M,511.00M,427.00M,670.00M,-222.00M,445.00M,346.00M,109.00M,276.00M,344.00M,331.00M,215.00M,351.00M,465.00M,243.00M,607.00M,293.00M,357.00M,387.00M,763.00M,355.00M,358.00M,606.00M,41.00M,309.00M,868.00M,358.00M,389.00M,432.00M,311.00M,-2.019B,49.00M,424.00M,225.00M,-52.00M,230.00M,474.00M,382.00M,225.00M,796.00M,419.00M,458.00M,284.00M,770.00M,329.00M,393.00M,-189.00M,441.00M,288.00M,967.00M,223.70M,428.70M,279.50M,320.10M,184.60M,309.50M,168.60M,311.70M,226.30M,351.20M,237.10M,191.30M,394.10M,285.20M,137.50M,201.30M,93.60M,243.70M,128.00M,173.60M,120.80M,241.40M,122.50M,141.70M,124.30M,190.50M,86.90M,106.40M,100.00M,207.80M,138.40M,137.40M,80.40M,213.80M,116.90M,127.00M,122.20M,194.80M,127.30M,127.30M,24.20M,192.90M,95.80M,135.20M,92.70M,165.00M,102.80M,139.70M,92.10M,152.50M,89.80M,133.40M,89.50M,119.40M,94.00M,134.70M,97.80M,139.00M,101.30M,123.20M
Normalized Income,571.02M,1.324B,832.84M,902.71M,330.12M,1.176B,646.16M,730.77M,562.53M,1.102B,689.29M,708.56M,222.66M,998.64M,616.02M,569.22M,210.12M,1.011B,591.63M,763.47M,80.90M,894.02M,706.16M,811.36M,525.28M,944.07M,601.88M,632.68M,11.18M,767.91M,442.97M,592.77M,327.00M,623.41M,365.33M,422.29M,317.30M,621.10M,146.20M,384.65M,297.95M,325.80M,216.39M,326.50M,326.52M,248.78M,287.90M,412.95M,211.09M,494.60M,218.78M,307.26M,114.20M,264.52M,21.43M,151.43M,-54.07M,426.97M,265.78M,-28.86M,245.75M,327.60M,303.00M,210.26M,-1.818B,-31.00M,195.79M,341.25M,148.41M,144.26M,332.65M,309.84M,-55.28M,772.92M,395.33M,499.29M,-6.225M,489.45M,301.79M,331.27M,-253.20M,426.38M,262.32M,284.20M,214.95M,401.17M,258.30M,285.79M,170.04M,293.88M,135.60M,290.99M,195.17M,323.81M,216.40M,172.16M,382.76M,264.01M,116.27M,180.84M,70.96M,223.39M,107.35M,158.64M,120.80M,241.40M,122.50M,141.70M,124.30M,190.50M,86.90M,106.40M,100.00M,207.80M,138.40M,137.40M,80.40M,213.80M,116.90M,127.00M,122.20M,194.80M,127.30M,,,,,,,,,,,,,,,,,,,,,
EBITDA,2.601B,3.431B,2.676B,2.769B,2.226B,2.944B,2.286B,2.407B,2.433B,2.856B,2.466B,2.543B,2.03B,2.959B,2.292B,2.249B,1.724B,2.658B,2.242B,2.426B,1.498B,2.649B,2.275B,2.377B,2.266B,2.568B,1.673B,2.093B,1.503B,2.031B,1.428B,1.168B,1.151B,1.407B,1.323B,1.469B,1.403B,1.671B,583.00M,1.387B,1.136B,1.019B,1.101B,1.172B,992.00M,1.001B,1.153B,1.32B,879.00M,1.476B,977.00M,1.06B,762.00M,1.235B,819.00M,776.00M,-581.00M,1.296B,1.297B,1.216B,1.246B,1.426B,1.249B,1.187B,-2.084B,808.00M,1.154B,1.371B,960.00M,1.02B,1.252B,1.047B,434.00M,1.867B,1.206B,1.539B,740.00M,1.437B,1.145B,1.061B,-91.00M,1.178B,803.00M,915.00M,602.50M,1.106B,814.70M,871.10M,653.60M,861.80M,672.80M,842.60M,680.30M,900.50M,832.50M,534.40M,1.384B,672.20M,427.40M,538.10M,346.80M,596.40M,397.80M,486.20M,996.90M,1.29B,987.20M,1.008B,941.40M,1.140B,899.30M,981.30M,940.30M,1.096B,893.60M,886.60M,850.80M,1.105B,870.30M,855.40M,887.50M,1.011B,877.30M,863.20M,850.10M,1.030B,830.00M,917.40M,898.70M,1.037B,857.80M,912.60M,842.90M,940.60M,784.00M,833.40M,718.00M,751.20M,678.30M,751.40M,680.20M,729.00M,629.50M,671.30M
Reconciled Depreciation,1.345B,1.348B,1.245B,1.238B,1.249B,1.197B,1.161B,1.089B,1.056B,1.037B,962.00M,991.00M,1.033B,979.00M,937.00M,931.00M,933.00M,896.00M,901.00M,883.00M,866.00M,893.00M,864.00M,884.00M,864.00M,821.00M,782.00M,762.00M,787.00M,788.00M,533.00M,544.00M,518.00M,517.00M,487.00M,504.00M,513.00M,502.00M,473.00M,506.00M,451.00M,478.00M,454.00M,463.00M,447.00M,479.00M,456.00M,452.00M,394.00M,546.00M,487.00M,461.00M,563.00M,610.00M,604.00M,438.00M,421.00M,382.00M,531.00M,550.00M,513.00M,581.00M,467.00M,476.00M,494.00M,521.00M,488.00M,484.00M,423.00M,480.00M,410.00M,379.00M,301.00M,,,357.00M,351.00M,343.00M,351.00M,303.00M,,,272.00M,270.00M,,,,,,,,,,,,,,,,,,,,,,,,,,,,,,,,,,,,,,,,,,,,,,,,,,,,,,,,,,,,
EBIT,1.256B,2.083B,1.431B,1.531B,977.00M,1.747B,1.125B,1.318B,1.377B,1.819B,1.504B,1.552B,997.00M,1.98B,1.355B,1.318B,791.00M,1.762B,1.341B,1.543B,632.00M,1.756B,1.411B,1.493B,1.402B,1.747B,891.00M,1.331B,716.00M,1.243B,895.00M,624.00M,633.00M,890.00M,836.00M,965.00M,890.00M,1.169B,110.00M,881.00M,685.00M,541.00M,647.00M,709.00M,545.00M,522.00M,697.00M,868.00M,479.00M,930.00M,490.00M,599.00M,199.00M,625.00M,215.00M,338.00M,-1.002B,890.00M,766.00M,666.00M,733.00M,845.00M,782.00M,711.00M,-2.578B,287.00M,666.00M,887.00M,537.00M,540.00M,842.00M,668.00M,133.00M,1.492B,880.00M,1.182B,389.00M,1.094B,794.00M,758.00M,-223.00M,884.00M,531.00M,645.00M,502.00M,825.80M,548.80M,608.40M,401.80M,606.30M,352.00M,610.00M,450.60M,653.10M,479.20M,357.50M,930.60M,504.50M,263.80M,369.40M,179.90M,430.80M,242.40M,326.60M,996.90M,1.29B,987.20M,1.008B,941.40M,1.140B,899.30M,981.30M,940.30M,1.096B,893.60M,886.60M,850.80M,1.105B,870.30M,855.40M,887.50M,1.011B,877.30M,863.20M,850.10M,1.030B,830.00M,917.40M,898.70M,1.037B,857.80M,912.60M,842.90M,940.60M,784.00M,833.40M,718.00M,751.20M,678.30M,751.40M,680.20M,729.00M,629.50M,671.30M
EPS Basic from Continuing Operations,0.89,1.82,1.12,1.24,0.61,1.51,0.72,0.88,1.00,1.36,0.98,1.02,0.52,1.44,0.90,0.83,0.49,1.36,0.87,1.09,0.25,1.25,1.02,1.05,0.97,1.33,0.48,0.89,0.27,0.84,0.99,0.65,0.64,1.06,0.9798,1.140,0.9500,1.530,-0.5100,1.020,0.7800,0.24,0.6600,0.8100,0.6300,0.5100,0.8100,1.110,0.7500,1.350,0.7200,0.8100,0.45,1.140,0.48,0.6600,-3.930,2.970,1.050,2.700,0.9300,1.200,1.290,0.21,-3.930,0.00,1.320,1.290,0.27,0.8100,1.710,1.440,0.8400,3.060,1.620,1.830,1.140,3.120,1.320,1.590,-0.8100,1.800,1.155,3.975,0.8550,1.770,1.140,1.320,0.6150,1.260,0.6600,1.260,1.602,1.410,0.9300,1.170,0.5850,2.010,0.9300,1.380,0.6000,1.710,0.8400,1.200,-0.24,1.680,0.8100,0.9600,0.8400,1.290,0.5400,0.6900,0.6300,1.440,0.9300,0.9300,0.48,1.500,0.7800,0.8700,0.8100,1.350,0.8400,0.8700,,1.350,0.6300,0.9000,,1.140,0.6600,0.9300,,1.050,0.5700,0.9000,,0.7800,0.6000,0.9000,,0.9300,0.6600,0.8100
EPS Basic from Discontinued Operations,-0.01,0.00,0.00,,0.03,0.00,-0.01,,0.00,0.00,0.00,,-0.86,0.26,-0.16,0.18,0.20,-0.01,-0.09,0.13,-0.11,0.55,-0.16,-1.19,0.01,0.09,0.00,0.00,0.29,0.01,0.00,0.01,0.00,0.00,0.00,0.00,0.01,0.00,0.00,0.00,0.03,0.00,0.00,0.00,0.03,0.00,0.03,0.00,-0.18,0.09,-0.03,0.03,0.45,0.6900,0.39,0.5100,5.880,-2.850,-0.06,0.03,0.18,0.03,0.09,0.8100,-2.790,0.15,0.06,0.00,-0.5700,0.00,0.00,0.00,0.00,0.00,0.00,0.00,0.00,0.00,0.00,0.00,0.00,0.00,0.00,0.00,0.03,0.00,0.00,-0.03,0.00,0.00,0.00,0.00,,0.00,0.00,0.00,0.00,0.00,0.00,0.00,0.00,0.00,0.00,0.00,0.00,0.00,0.00,0.00,0.00,0.00,0.00,0.00,0.00,0.00,0.00,0.00,0.00,0.00,0.00,0.00,0.00,0.00,0.00,0.00,,0.00,0.00,0.00,,0.00,0.00,0.00,,0.00,0.00,0.00,,0.00,0.00,0.00,,0.00,0.00,0.00
EPS Basic from Extraordinaries,,,,,,,,,,,,,,,,,,,,,,,,,,,,,,,,,,,,,,,,,,,,,,,,,,,,,,,,,,,,,,,,,0.00,,,-0.0000,,,,,0.00,,,0.00,,,,,,,,,,,,,,,,,,,,,,,,,,,,,,,,,,,,,,,,,,,,,,,,,,,,,,,,,,,,,,,,,,,,
EPS Basic from Tax Loss Carryforward,,,,,,,,,,,,,,,,,,,,,,,,,,,,,,,,,,,,,,,,,,,,,,,,,,,,,,,,,,,,,,,,,,,,,,,,,,,,,,,,,-0.0048,,,2.727,0.0002,,,-0.0329,,,,,,,,,,,,,,,,,,,,,,,,,,,,,,,,,,,,,,,,,,,,,,,,,,,,,,,,
Normalized Basic EPS,0.7398,1.796,1.121,1.244,0.4512,1.648,0.9208,1.038,0.7965,1.568,0.9818,1.009,0.3072,1.444,0.8928,0.8260,0.3172,1.467,0.8579,1.077,0.1268,1.247,0.9976,1.143,0.7452,1.333,0.8481,0.8881,-0.0967,1.095,0.9854,1.322,0.7278,1.403,0.8229,0.9399,0.7058,1.419,0.3329,0.8818,0.6971,0.7384,0.5165,0.7761,0.7826,0.5877,0.6911,0.9914,0.5079,1.163,0.5290,0.7390,0.2452,0.6221,0.0570,0.4933,-0.1962,1.360,0.8486,-0.0952,0.7493,1.029,0.9563,0.6878,-3.984,-0.1193,0.6375,1.120,0.0673,0.5016,1.200,1.165,-0.2672,2.971,1.528,1.610,-0.0334,1.976,1.209,1.338,-1.073,1.740,1.049,3.881,0.8193,1.655,1.052,1.146,0.5542,1.194,0.5218,1.106,1.495,1.234,0.7956,1.046,0.5018,1.854,0.7718,1.230,0.4342,1.560,0.6899,1.089,-0.24,1.680,0.8100,0.9600,0.8400,1.290,0.5400,0.6900,0.6300,1.440,0.9300,0.9300,0.48,1.500,0.7800,0.8700,0.8100,1.350,0.8400,0.8700,,1.350,0.6300,0.9000,,1.140,0.6600,0.9300,,1.050,0.5700,0.9000,,0.7800,0.6000,0.9000,,0.9300,0.6600,0.8100
EPS Basic,0.88,1.82,1.12,1.24,0.64,1.51,0.71,0.88,1.00,1.36,0.98,1.02,-0.34,1.70,0.74,1.01,0.69,1.35,0.78,1.22,0.14,1.80,0.86,-0.14,0.98,1.42,0.48,0.89,0.56,0.85,0.99,0.66,0.64,1.06,0.9798,1.140,0.9600,1.530,-0.5100,1.020,0.8100,0.24,0.6300,0.8100,0.8100,0.5100,0.8400,1.110,0.5700,1.440,0.6900,0.8400,0.9000,1.830,0.8700,1.170,7.770,0.12,0.9900,2.730,1.110,1.230,1.380,1.020,-6.720,0.15,1.380,0.7500,-0.30,0.8100,1.710,1.440,0.8400,3.060,1.620,1.830,1.140,3.120,1.320,1.590,-0.8100,1.800,1.155,3.975,0.8850,1.770,1.140,1.290,0.6150,1.260,0.6600,1.260,1.602,1.410,0.9300,1.170,0.5850,2.010,0.9300,1.380,0.6000,1.710,0.8400,1.200,-0.24,1.680,0.8100,0.9600,0.8400,1.290,0.5400,0.6900,0.6300,1.440,0.9300,0.9300,0.48,1.500,0.7800,0.8700,0.8100,1.350,0.8400,0.8700,,1.350,0.6300,0.9000,,1.140,0.6600,0.9300,,1.050,0.5700,0.9000,,0.7800,0.6000,0.9000,,0.9300,0.6600,0.8100
EPS Diluted from Continuing Operations,0.89,1.82,1.12,1.24,0.61,1.51,0.72,0.88,1.00,1.36,0.98,1.02,0.52,1.44,0.90,0.83,0.49,1.36,0.87,1.09,0.25,1.25,1.02,1.05,0.96,1.33,0.48,0.89,0.27,0.84,0.99,0.65,0.64,1.06,0.9798,1.140,0.9500,1.530,-0.5100,1.020,0.7800,0.24,0.6600,0.8100,0.6300,0.5100,0.8100,1.110,0.7200,1.350,0.7200,0.8100,0.45,1.140,0.48,0.6300,-3.930,2.880,1.020,2.610,0.9000,1.170,1.260,0.21,-3.930,0.00,1.320,1.290,0.27,0.8100,1.680,1.440,0.8400,3.030,1.590,1.800,1.125,3.105,1.320,1.590,-0.8100,1.800,1.155,3.960,0.8400,1.770,1.140,1.320,0.6150,1.260,0.6600,1.230,0.7350,1.410,0.9300,1.170,0.5850,2.010,0.9300,1.380,0.6000,1.710,0.8400,1.200,-0.24,1.680,0.8100,0.9600,0.8400,1.290,0.5400,0.6900,0.6300,1.440,0.9300,0.9300,0.48,1.500,0.7800,0.8700,0.8100,1.350,0.8400,0.8700,,1.350,0.6300,0.9000,,1.140,0.6600,0.9300,,1.050,0.5700,0.9000,,0.7800,0.6000,0.9000,,0.9300,0.6600,0.8100
EPS Diluted from Discontinued Operations,-0.01,0.00,0.00,,0.03,0.00,-0.01,,0.00,0.00,0.00,,-0.86,0.26,-0.16,0.18,0.20,-0.01,-0.09,0.13,-0.11,0.55,-0.16,-1.19,0.01,0.09,0.00,0.00,0.29,0.01,0.00,0.01,0.00,0.00,0.00,0.00,0.01,0.00,0.00,0.00,0.03,0.00,0.00,0.00,0.00,0.00,0.03,0.00,-0.18,0.09,-0.03,0.03,0.45,0.6600,0.36,0.48,5.760,-2.850,-0.06,0.03,0.18,0.03,0.09,0.7800,-2.790,0.15,0.06,0.00,-0.5700,0.00,0.00,0.00,0.00,0.00,0.00,0.00,0.00,0.00,0.00,0.00,-0.03,0.00,0.00,0.00,0.03,0.00,0.00,-0.03,0.00,0.00,0.00,0.00,0.00,0.00,0.00,0.00,0.00,0.00,0.00,0.00,0.00,0.00,0.00,0.00,0.00,0.00,0.00,0.00,0.00,0.00,0.00,0.00,0.00,0.00,0.00,0.00,0.00,0.00,0.00,0.00,0.00,0.00,0.00,0.00,,0.00,0.00,0.00,,0.00,0.00,0.00,,0.00,0.00,0.00,,0.00,0.00,0.00,,0.00,0.00,0.00
EPS Diluted from Extraordinaries,,,,,,,,,,,,,,,,,,,,,,,,,,,,,,,,,,,,,,,,,,,,,,,,,,,,,,,,,,,,,,,,,0.0012,,,-0.5418,,,,,0.0010,,,-0.3866,,,,,,,,,,,,,,,,,,,,,,,,,,,,,,,,,,,,,,,,,,,,,,,,,,,,,,,,,,,,,,,,,,,,
EPS Diluted from Tax Loss Carryforward,,,,,,,,,,,,,,,,,,,,,,,,,,,,,,,,,,,,,,,,,,,,,,,,,,,,,,,,,,,,,,,,,,,,,,,,,,,,,,,,,-0.0179,,,2.717,0.0002,,,-0.0329,,,,,,,,,,,,,,,,,,,,,,,,,,,,,,,,,,,,,,,,,,,,,,,,,,,,,,,,
Normalized Diluted EPS,0.7398,1.796,1.121,1.244,0.4512,1.648,0.9205,1.038,0.7965,1.568,0.9818,1.009,0.3072,1.444,0.8928,0.8260,0.3172,1.467,0.8579,1.077,0.1268,1.247,0.9976,1.143,0.7352,1.333,0.8481,0.8881,-0.0947,1.095,0.9854,1.322,0.7278,1.403,0.8229,0.9401,0.7074,1.419,0.3329,0.8819,0.6972,0.7380,0.5166,0.7761,0.7824,0.5876,0.6913,0.9916,0.4785,1.164,0.5301,0.7396,0.2467,0.6258,0.0640,0.4694,-0.3382,1.333,0.8264,-0.0835,0.7223,1.005,0.9384,0.6702,-3.984,-0.1191,0.6382,1.120,0.0673,0.5016,1.175,1.165,-0.2550,2.942,1.499,1.583,-0.0484,1.968,1.209,1.338,-1.068,1.740,1.049,3.866,0.8047,1.655,1.052,1.146,0.5542,1.194,0.5218,1.076,0.6610,1.234,0.7956,1.046,0.5020,1.854,0.7718,1.230,0.4343,1.560,0.6899,1.089,-0.24,1.680,0.8100,0.9600,0.8400,1.290,0.5400,0.6900,0.6300,1.440,0.9300,0.9300,0.48,1.500,0.7800,0.8700,0.8100,1.350,0.8400,0.8700,,1.350,0.6300,0.9000,,1.140,0.6600,0.9300,,1.050,0.5700,0.9000,,0.7800,0.6000,0.9000,,0.9300,0.6600,0.8100
EPS Diluted,0.88,1.82,1.12,1.24,0.64,1.51,0.71,0.88,1.00,1.36,0.98,1.02,-0.34,1.70,0.74,1.01,0.69,1.35,0.78,1.22,0.14,1.80,0.86,-0.14,0.97,1.42,0.48,0.89,0.56,0.85,0.99,0.66,0.64,1.06,0.9798,1.140,0.9600,1.530,-0.5100,1.020,0.8100,0.24,0.6300,0.8100,0.7800,0.5100,0.8400,1.110,0.5700,1.440,0.6900,0.8400,0.9000,1.800,0.8400,1.110,7.530,0.12,0.9600,2.640,1.080,1.200,1.350,0.9900,-6.720,0.15,1.380,0.7500,-0.30,0.8100,1.680,1.440,0.8400,3.030,1.590,1.800,1.125,3.105,1.320,1.590,-0.8400,1.800,1.155,3.960,0.8700,1.770,1.140,1.290,0.6150,1.260,0.6600,1.230,0.7350,1.410,0.9300,1.170,0.5850,2.010,0.9300,1.380,0.6000,1.710,0.8400,1.200,-0.24,1.680,0.8100,0.9600,0.8400,1.290,0.5400,0.6900,0.6300,1.440,0.9300,0.9300,0.48,1.500,0.7800,0.8700,0.8100,1.350,0.8400,0.8700,,1.350,0.6300,0.9000,,1.140,0.6600,0.9300,,1.050,0.5700,0.9000,,0.7800,0.6000,0.9000,,0.9300,0.6600,0.8100
Average Basic Shares Outstanding,732.00M,729.00M,728.00M,727.00M,717.00M,713.00M,703.00M,701.00M,700.00M,700.00M,700.00M,700.00M,697.00M,689.00M,689.00M,689.00M,688.00M,688.00M,692.00M,708.00M,707.00M,707.00M,707.00M,706.00M,706.00M,706.00M,706.00M,705.00M,703.00M,699.00M,446.00M,446.00M,444.00M,444.00M,444.04M,443.33M,441.00M,440.00M,438.00M,436.67M,435.00M,433.00M,429.33M,427.33M,422.67M,421.67M,421.33M,422.00M,421.00M,420.00M,420.00M,419.00M,419.00M,418.00M,412.67M,309.33M,312.00M,308.67M,309.00M,318.00M,316.93M,312.67M,308.67M,304.00M,303.00M,301.67M,300.67M,299.00M,298.85M,278.00M,277.00M,262.67M,257.67M,258.33M,257.67M,248.33M,247.33M,245.33M,245.33M,244.67M,244.29M,242.22M,242.67M,242.00M,245.08M,239.43M,240.70M,243.10M,239.43M,236.83M,238.79M,134.39M,134.39M,155.48M,154.02M,154.02M,136.36M,135.72M,134.19M,136.67M,136.53M,135.20M,137.62M,134.42M,136.29M,136.19M,134.57M,133.65M,131.98M,135.81M,134.26M,134.93M,136.68M,134.93M,134.09M,132.69M,136.67M,133.93M,133.20M,131.03M,134.67M,134.67M,135.83M,135.03M,135.03M,135.03M,135.02M,135.01M,135.01M,135.00M,134.98M,134.98M,134.98M,134.97M,134.93M,134.93M,134.93M,134.90M,134.90M,134.87M,134.87M,134.00M,133.46M,133.46M
Average Diluted Shares Outstanding,732.00M,729.00M,728.00M,727.00M,717.00M,714.00M,704.00M,701.00M,700.00M,700.00M,700.00M,700.00M,697.00M,691.00M,690.00M,689.00M,688.00M,688.00M,692.00M,708.00M,707.00M,707.00M,707.00M,706.00M,706.00M,706.00M,706.00M,705.00M,707.00M,699.00M,446.00M,446.00M,444.00M,444.00M,444.04M,443.67M,444.00M,440.67M,438.00M,437.00M,435.33M,433.33M,429.67M,427.67M,423.33M,422.33M,422.00M,422.67M,422.00M,421.67M,422.33M,422.67M,422.00M,421.00M,419.67M,321.00M,324.33M,321.33M,321.33M,330.00M,322.25M,324.33M,320.33M,315.67M,303.33M,302.33M,301.00M,299.00M,298.85M,278.00M,279.76M,262.67M,260.53M,261.39M,261.01M,252.22M,247.33M,246.70M,245.33M,244.67M,248.98M,242.22M,242.67M,242.93M,247.90M,239.43M,240.70M,243.10M,239.43M,236.83M,238.79M,134.39M,195.11M,155.48M,154.02M,154.02M,136.64M,135.72M,134.19M,136.67M,136.59M,135.20M,137.62M,134.42M,136.29M,136.19M,134.57M,133.65M,131.98M,135.81M,134.26M,134.93M,136.68M,134.93M,134.09M,132.69M,136.67M,133.93M,133.20M,131.03M,134.67M,134.67M,135.83M,135.03M,135.03M,135.03M,135.02M,135.01M,135.01M,135.00M,134.98M,134.98M,134.98M,134.97M,134.93M,134.93M,134.93M,134.90M,134.90M,134.87M,134.87M,134.00M,133.46M,133.46M
Dividend Per Share,0.945,0.945,0.9275,0.9275,0.9275,0.9275,0.89,0.89,0.89,0.89,0.855,0.855,0.855,0.855,0.825,0.825,0.825,0.825,0.795,0.795,0.795,0.795,0.78,0.78,0.78,0.78,0.765,0.765,0.765,0.765,0.7500,0.7500,0.7500,0.7500,0.7350,0.7350,0.7350,0.7350,0.7200,0.7200,0.7200,0.7200,0.6900,0.6900,0.6900,0.6900,0.6600,0.6600,0.6600,0.6600,0.6300,0.6300,0.9600,0.9600,0.9300,0.9300,0.9300,0.9300,0.8250,0.8250,0.8250,0.8250,0.8250,0.8250,0.8250,0.8250,0.8250,0.8250,0.8250,0.8250,0.8250,0.8250,0.8250,0.8250,0.8250,0.8250,0.8250,0.8250,0.8250,0.8250,0.8250,0.8250,0.8250,0.8250,0.8250,0.8250,0.8250,0.8250,0.8250,0.8250,0.7950,0.7950,0.7950,0.7950,0.7650,0.7650,0.7650,0.7650,0.7350,0.7350,0.7350,0.7350,0.7050,0.7050,0.7050,0.7050,0.6750,0.6750,0.6750,0.6750,0.6450,0.6450,0.6450,0.6450,0.6150,0.6150,0.6150,0.6150,0.5850,0.5850,0.5850,0.5850,0.5550,0.5550,0.5550,0.5550,0.5250,0.5250,0.5250,0.5250,0.5025,0.5025,0.5025,0.5025,0.4875,0.4875,,,,,,,,
As Originally Reported,AOR,AOR,AOR,AOR,AOR,AOR,AOR,AOR,AOR,AOR,AOR,AOR,AOR,AOR,AOR,AOR,AOR,AOR,AOR,AOR,AOR,AOR,AOR,AOR,AOR,AOR,AOR,AOR,AOR,AOR,AOR,AOR,AOR,AOR,AOR,AOR,AOR,AOR,AOR,AOR,AOR,AOR,AOR,AOR,,,,,,,,,,,,,,,,,,,,,,,,,,,,,,,,,,,,,,,,,,,,,,,,,,,,,,,,,,,,,,,,,,,,,,,,,,,,,,,,,,,,,,,,,,,,,,,,,,,,
Restated,,,,,Restated,Restated,Restated,Restated,Restated,Restated,Restated,Restated,Restated,Restated,Restated,Restated,Restated,Restated,Restated,Restated,Restated,Restated,Restated,Restated,Restated,Restated,Restated,Restated,Restated,Restated,Restated,Restated,Restated,Restated,Restated,Restated,Restated,,Restated,Restated,Restated,Restated,Restated,Restated,Restated,Restated,Restated,Restated,,,,,,,,,,,,,,,,,,,,,,,,,,,,,,,,,,,,,,,,,,,,,,,,,,,,,,,,,,,,,,,,,,,,,,,,,,,,,,,,,,,,,,,,,,,,,,,,
