Income (Quarterly),2019-12,2019-09,2019-06,2019-03,2018-12,2018-09,2018-06,2018-03,2017-12,2017-09,2017-06,2017-03,2016-12,2016-09,2016-06,2016-03,2015-12,2015-09,2015-06,2015-03,2014-12,2014-09,2014-06,2014-03,2013-12,2013-09,2013-06,2013-03,2012-12,2012-09,2012-06,2012-03,2011-12,2011-09,2011-06,2011-03,2010-12,2010-09,2010-06,2010-03,2009-12,2009-09,2009-06,2009-03,2008-12,2008-09,2008-06,2008-03,2007-12,2007-09,2007-06,2007-03,2006-12,2006-09,2006-06,2006-03,2005-12,2005-09,2005-06,2005-03,2004-12,2004-09,2004-06,2004-03,2003-12,2003-09,2003-06,2003-03,2002-12,2002-09,2002-06,2002-03,2001-12,2001-09,2001-06,2001-03,2000-12,2000-09,2000-06,2000-03,1999-12,1999-09,1999-06,1999-03,1998-12,1998-09,1998-06,1998-03,1997-12,1997-09,1997-06,1997-03,1996-12,1996-09,1996-06,1996-03,1995-12,1995-09,1995-06,1995-03,1994-12,1994-09,1994-06,1994-03,1993-12,1993-09,1993-06,1993-03,1992-12,1992-09,1992-06,1992-03,1991-12,1991-09,1991-06,1991-03,1990-12,1990-09,1990-06,1990-03,1989-12,1989-09,1989-06,1989-03,1988-12,1988-09,1988-06,1988-03,1987-12,1987-09,1987-06,1987-03,1986-12,1986-09,1986-06,1986-03,1985-12,1985-09,1985-06,1985-03,1984-12,1984-09,1984-06,1984-03
Operating Revenue,149.53M,92.63M,130.90M,227.62M,151.08M,93.40M,136.66M,239.36M,29.21M,126.94M,125.08M,185.16M,152.48M,108.35M,102.34M,146.30M,109.33M,91.91M,92.68M,170.08M,106.95M,91.62M,100.50M,186.34M,119.62M,83.94M,91.24M,136.56M,105.89M,75.46M,80.73M,117.18M,91.77M,80.61M,86.83M,146.60M,106.44M,76.47M,80.06M,153.26M,91.71M,31.76M,40.83M,104.48M,72.41M,49.70M,69.06M,100.27M,70.84M,41.42M,52.50M,93.53M,60.80M,35.14M,44.30M,90.95M,74.26M,35.16M,42.22M,77.85M,53.29M,26.61M,34.29M,63.76M,46.37M,23.45M,30.78M,62.96M,35.95M,22.01M,53.24M,48.64M,29.77M,24.79M,71.05M,134.04M,-73.70M,59.45M,66.17M,98.51M,71.90M,56.50M,46.84M,55.60M,43.60M,36.20M,43.60M,60.20M,59.60M,41.70M,44.90M,43.60M,166.20M,19.60M,25.20M,49.00M,38.30M,20.60M,22.10M,30.90M,23.90M,18.80M,19.90M,36.00M,24.70M,13.90M,17.30M,30.00M,23.70M,12.50M,15.30M,24.40M,16.90M,11.90M,15.00M,26.00M,24.20M,14.70M,16.70M,31.40M,22.70M,13.50M,18.80M,25.30M,16.80M,10.50M,11.90M,19.40M,14.40M,10.70M,12.90M,17.70M,11.80M,7.40M,11.40M,19.10M,12.40M,9.00M,8.20M,16.30M,19.30M,19.50M,15.00M,15.00M
Revenue,131.97M,92.63M,130.90M,227.62M,134.21M,93.40M,136.66M,239.36M,12.47M,126.94M,125.08M,185.16M,141.87M,108.35M,102.34M,146.30M,104.57M,91.91M,92.68M,170.08M,120.38M,91.62M,100.50M,186.34M,122.89M,86.54M,94.15M,140.73M,109.52M,78.18M,83.90M,120.91M,103.99M,80.61M,86.83M,146.60M,117.76M,76.47M,80.06M,153.26M,91.71M,31.76M,40.83M,104.48M,72.41M,49.70M,69.06M,100.27M,70.84M,41.42M,52.50M,93.53M,60.80M,35.14M,44.30M,90.95M,74.26M,35.16M,42.22M,77.85M,53.29M,26.61M,34.29M,63.76M,46.37M,23.45M,30.78M,62.96M,35.95M,22.01M,53.24M,48.64M,29.77M,24.79M,71.05M,134.04M,-73.70M,59.45M,66.17M,98.51M,71.90M,56.50M,46.84M,55.60M,43.60M,36.20M,43.60M,60.20M,59.60M,41.70M,44.90M,43.60M,166.20M,19.60M,25.20M,49.00M,38.30M,20.60M,22.10M,30.90M,23.90M,18.80M,19.90M,36.00M,24.70M,13.90M,17.30M,30.00M,23.70M,12.50M,15.30M,24.40M,16.90M,11.90M,15.00M,26.00M,24.20M,14.70M,16.70M,31.40M,22.70M,13.50M,18.80M,25.30M,16.80M,10.50M,11.90M,19.40M,14.40M,10.70M,12.90M,17.70M,11.80M,7.40M,11.40M,19.10M,12.40M,9.00M,8.20M,16.30M,19.30M,19.50M,15.00M,15.00M
Cost of Goods Sold,85.80M,61.87M,97.09M,167.04M,90.00M,65.67M,109.30M,184.35M,-26.84M,98.87M,98.09M,136.72M,105.50M,86.50M,75.56M,98.57M,76.97M,70.11M,70.31M,122.01M,91.52M,73.90M,80.19M,144.41M,95.25M,67.83M,75.53M,105.18M,83.44M,62.31M,65.22M,92.20M,146.46M,46.12M,49.30M,92.28M,157.16M,44.50M,45.01M,99.35M,55.11M,13.74M,21.56M,71.34M,,,,,,,,,,,,,,,,,,,,,,,,,,,38.71M,26.30M,,13.04M,57.29M,110.99M,-88.90M,49.03M,53.67M,77.04M,57.10M,47.30M,35.20M,37.10M,30.90M,28.10M,33.30M,43.90M,46.50M,33.60M,34.40M,28.90M,151.50M,11.50M,14.60M,30.10M,25.10M,10.60M,12.90M,17.00M,13.30M,11.50M,12.50M,21.70M,,,,,,,,,,,,,,,,,,,,,,,,,,,,,,,,,,,,,,,,
Gross Profit,46.17M,30.76M,33.81M,60.57M,44.21M,27.73M,27.36M,55.00M,39.31M,28.06M,27.00M,48.44M,36.38M,21.85M,26.78M,47.73M,27.60M,21.80M,22.37M,48.07M,28.86M,17.72M,20.31M,41.93M,27.63M,18.71M,18.62M,35.55M,26.08M,15.87M,18.67M,28.72M,-42.47M,34.49M,37.53M,54.32M,-39.40M,31.97M,35.05M,53.91M,36.60M,18.02M,19.28M,33.14M,,,,,,,,,,,,,,,,,,,,,,,,,,,14.53M,22.34M,,11.76M,13.76M,23.05M,15.20M,10.42M,12.50M,21.47M,14.80M,9.20M,11.64M,18.50M,12.70M,8.10M,10.30M,16.30M,13.10M,8.10M,10.50M,14.70M,14.70M,8.10M,10.60M,18.90M,13.20M,10.00M,9.20M,13.90M,10.60M,7.30M,7.40M,14.30M,,,,,,,,,,,,,,,,,,,,,,,,,,,,,,,,,,,,,,,,
Investment Write Off,,0.00,0.13M,,,0.00,0.13M,,,0.00,0.13M,,0.00,0.00,0.13M,,0.00,,1.50M,,,0.00,0.00,,,,,,,,,,,,,,,,,,,,,,,,,,,,,,,,,,,,,,,,,,,,,,,,,,,,,,,,,,,,,,,,,,,,,,,,,,,,,,,,,,,,,,,,,,,,,,,,,,,,,,,,,,,,,,,,,,,,,,,,,
Special Income and Charges,,0.00,0.13M,,,0.00,0.13M,,,0.00,0.13M,,0.00,0.00,0.13M,,0.00,,1.50M,,0.258M,0.00,0.00,,,,,,,,,,,0.649M,0.027M,0.022M,,0.102M,-0.011M,0.115M,0.146M,-0.026M,0.012M,0.033M,0.1135M,-0.0916M,0.0635M,0.0176M,0.0141M,-0.0135M,0.2342M,0.0534M,0.0589M,-0.0121M,0.0637M,0.0786M,0.0523M,0.0195M,0.2285M,0.0824M,,0.0384M,0.0742M,0.1025M,0.1752M,-0.0249M,0.0343M,0.0539M,0.1060M,0.0343M,0.0396M,0.2110M,0.3827M,0.0626M,0.1143M,0.1349M,0.0095M,0.1569M,0.0555M,0.0269M,0.80M,0.10M,0.10M,0.10M,-0.10M,,0.10M,0.10M,0.00,0.10M,0.10M,0.10M,0.10M,0.10M,0.10M,0.10M,-0.10M,0.10M,0.10M,,-0.30M,0.10M,,0.10M,,,,,,,,,,,,,,,,,,,,,,,,,,,,,,,,,,,,,,,,
Non Income Taxes,4.719M,5.178M,4.899M,5.505M,4.857M,4.364M,4.404M,4.894M,4.249M,4.071M,3.971M,4.53M,4.005M,3.488M,3.39M,3.846M,3.607M,3.257M,3.156M,3.587M,3.397M,3.151M,3.118M,3.673M,3.428M,3.719M,3.487M,3.178M,2.435M,2.535M,2.334M,2.884M,2.238M,2.332M,2.523M,2.919M,3.188M,2.479M,2.431M,2.966M,2.206M,1.722M,1.717M,1.933M,1.587M,1.613M,1.477M,1.795M,1.484M,1.419M,1.332M,1.553M,1.153M,1.211M,1.120M,1.566M,1.269M,1.130M,1.151M,1.450M,,1.021M,1.035M,1.307M,1.204M,0.9395M,1.035M,1.209M,0.8960M,1.058M,1.038M,1.283M,0.6902M,1.023M,1.016M,1.158M,1.199M,0.7670M,0.8007M,1.028M,1.00M,1.00M,1.00M,1.20M,1.00M,0.90M,1.00M,1.20M,1.00M,0.90M,1.00M,1.10M,1.00M,0.80M,0.90M,1.10M,1.00M,0.70M,0.70M,0.90M,0.70M,0.60M,0.70M,0.80M,,,,,,,,,,,,,,,,,,,,,,,,,,,,,,,,,,,,,,,,
Operating Interest Expense,5.641M,5.403M,5.655M,5.71M,4.382M,4.357M,3.881M,3.664M,3.397M,3.321M,3.073M,2.739M,2.643M,2.722M,2.624M,2.65M,2.581M,2.492M,2.485M,2.448M,2.528M,2.495M,2.303M,2.155M,2.12M,2.026M,2.016M,2.072M,2.09M,2.126M,2.241M,2.291M,2.346M,2.389M,2.114M,2.15M,2.222M,2.256M,2.305M,2.363M,2.331M,1.54M,1.573M,1.642M,,,,,,,,,,,,,,,,,,,,,,,,,,,,,,,,,,,,,,,,,,,,,,,,,,,,,,,,,,,,,,,,,,,,,,,,,,,,,,,,,,,,,,,,,,,,,,,,,,,,
Net Operating Interest Income,-5.641M,-5.403M,-5.655M,-5.71M,-4.382M,-4.357M,-3.881M,-3.664M,-3.397M,-3.321M,-3.073M,-2.739M,-2.643M,-2.722M,-2.624M,-2.65M,-2.581M,-2.492M,-2.485M,-2.448M,-2.528M,-2.495M,-2.303M,-2.155M,-2.12M,-2.026M,-2.016M,-2.072M,-2.09M,-2.126M,-2.241M,-2.291M,-2.346M,-2.389M,-2.114M,-2.15M,-2.222M,-2.256M,-2.305M,-2.363M,-2.331M,-1.54M,-1.573M,-1.642M,,,,,,,,,,,,,,,,,,,,,,,,,,,,,,,,,,,,,,,,,,,,,,,,,,,,,,,,,,,,,,,,,,,,,,,,,,,,,,,,,,,,,,,,,,,,,,,,,,,,
Other Operating Expenses,,,,,,,,,,,,,,,,,,,,,,,,,,,,,,,,,,,,,,,,,,,,,,33.65M,49.78M,70.98M,46.86M,25.83M,34.23M,63.94M,39.62M,21.76M,28.51M,65.92M,51.95M,21.96M,26.91M,52.55M,,14.80M,20.25M,40.31M,27.50M,12.43M,16.89M,38.37M,20.98M,10.57M,,,,,,,,,,,,,,,,,,,,,,,,,,,,,,,,,,,,,,,,,,,,,,,,,,,,,,,,,,,,,,,,,,,,,,,,,,
Total Operating Expenses,16.40M,16.40M,16.51M,16.58M,15.21M,14.85M,14.24M,14.60M,13.24M,13.43M,13.06M,13.34M,12.67M,11.70M,11.17M,11.35M,11.42M,10.89M,10.70M,10.56M,9.567M,9.925M,9.854M,10.31M,9.322M,9.993M,9.464M,8.998M,7.532M,8.302M,8.219M,8.645M,-57.96M,28.90M,29.75M,29.48M,-53.59M,27.39M,27.29M,28.51M,23.94M,15.76M,16.42M,17.18M,-138.32M,48.53M,64.73M,86.23M,62.02M,40.43M,48.81M,78.94M,52.63M,34.82M,41.10M,79.51M,66.07M,35.25M,39.90M,66.34M,,26.33M,32.13M,53.06M,40.12M,23.30M,27.92M,50.65M,30.20M,22.29M,12.58M,13.39M,104.44M,11.70M,11.62M,13.02M,9.880M,11.16M,11.12M,11.40M,10.10M,9.80M,9.60M,9.80M,8.00M,9.40M,9.30M,9.20M,8.70M,8.70M,8.70M,8.40M,11.20M,8.70M,9.10M,9.50M,9.20M,8.00M,7.30M,7.60M,7.90M,7.20M,7.20M,7.60M,,,,,,,,,,,,,,,,,,,,,,,,,,,,,,,,,,,,,,,,
Operating Income,29.77M,14.36M,17.31M,43.99M,29.00M,12.88M,13.12M,40.41M,26.07M,14.63M,13.93M,35.10M,23.71M,10.16M,15.61M,36.38M,16.17M,10.91M,11.67M,37.51M,19.29M,7.792M,10.46M,31.62M,18.31M,8.72M,9.152M,26.55M,18.54M,7.564M,10.46M,20.07M,15.50M,5.594M,7.776M,24.84M,14.19M,4.583M,7.761M,25.40M,12.66M,2.257M,2.856M,15.97M,8.938M,1.170M,4.329M,14.04M,8.816M,0.9856M,3.688M,14.58M,8.171M,0.3227M,3.205M,11.44M,8.191M,-0.0991M,2.325M,11.50M,164.81M,0.2827M,2.163M,10.70M,6.254M,0.1526M,2.862M,12.31M,5.748M,-0.2782M,1.946M,8.946M,3.985M,0.0564M,2.144M,10.04M,5.320M,-0.7451M,1.385M,10.07M,4.70M,-0.60M,2.043M,8.70M,4.70M,-1.30M,1.00M,7.10M,4.40M,-0.60M,1.80M,6.30M,3.50M,-0.60M,1.50M,9.40M,4.00M,2.00M,1.90M,6.30M,2.70M,0.10M,0.20M,6.70M,24.70M,13.90M,17.30M,30.00M,23.70M,12.50M,15.30M,24.40M,16.90M,11.90M,15.00M,26.00M,24.20M,14.70M,16.70M,31.40M,22.70M,13.50M,18.80M,25.30M,16.80M,10.50M,11.90M,19.40M,14.40M,10.70M,12.90M,17.70M,11.80M,7.40M,11.40M,19.10M,12.40M,9.00M,8.20M,16.30M,19.30M,19.50M,15.00M,15.00M
Non-Operating Interest Expense,5.641M,5.403M,5.655M,5.71M,4.382M,4.357M,3.881M,3.664M,3.397M,3.321M,3.073M,2.739M,2.643M,2.722M,2.624M,2.65M,2.581M,2.492M,2.485M,2.448M,2.528M,2.495M,2.303M,2.155M,2.12M,2.026M,2.016M,2.072M,2.09M,2.126M,2.241M,2.291M,2.346M,2.389M,2.114M,2.15M,2.222M,2.256M,2.305M,2.363M,2.331M,1.54M,1.573M,1.642M,,,,,,,,,,,,,,,,,,,,,,,,,,,,,,,,,,,,,,,,,,,,,,,,,,,,,,,,,,,,,,,,,,,,,,,,,,,,,,,,,,,,,,,,,,,,,,,,,,,,
Net Non-Operating Interest Income Expense,-5.641M,-5.403M,-5.655M,-5.71M,-4.382M,-4.357M,-3.881M,-3.664M,-3.397M,-3.321M,-3.073M,-2.739M,-2.643M,-2.722M,-2.624M,-2.65M,-2.581M,-2.492M,-2.485M,-2.448M,-2.528M,-2.495M,-2.303M,-2.155M,-2.12M,-2.026M,-2.016M,-2.072M,-2.09M,-2.126M,-2.241M,-2.291M,-2.346M,-2.389M,-2.114M,-2.15M,-2.222M,-2.256M,-2.305M,-2.363M,-2.331M,-1.54M,-1.573M,-1.642M,,,,,,,,,,,,,,,,,,,,,,,,,,,,,,,,,,,,,,,,,,,,,,,,,,,,,,,,,,,,,,,,,,,,,,,,,,,,,,,,,,,,,,,,,,,,,,,,,,,,
Other Income and Expenses,-1.231M,-0.35M,-0.186M,-0.045M,-0.565M,-0.004M,-0.132M,0.068M,-0.479M,-0.154M,-0.872M,-0.70M,-2.26M,-0.028M,0.122M,-0.034M,0.296M,0.036M,1.329M,0.133M,-0.021M,-0.032M,0.405M,0.006M,-0.041M,0.101M,0.024M,0.289M,0.059M,-0.136M,0.153M,0.196M,0.207M,0.649M,0.027M,0.022M,-0.011M,0.102M,-0.011M,0.115M,0.146M,-0.026M,0.012M,0.033M,0.1135M,-0.0916M,0.0635M,0.0176M,0.0141M,-0.0135M,0.2342M,0.0534M,0.0589M,-0.0121M,0.0637M,0.0786M,0.0523M,0.0195M,0.2285M,0.0824M,,0.0384M,0.0742M,0.1025M,0.1752M,-0.0249M,0.0343M,0.0539M,0.1060M,0.0343M,0.0396M,0.2110M,0.3827M,0.0626M,0.1143M,0.1349M,0.0095M,0.1569M,0.0555M,0.0269M,0.80M,0.10M,0.10M,0.10M,-0.10M,,0.10M,0.10M,0.00,0.10M,0.10M,0.10M,0.10M,0.10M,0.10M,0.10M,-0.10M,0.10M,0.10M,,-0.30M,0.10M,,0.10M,,,,,,,,,,,,,,,,,,,,,,,,,,,,,,,,,,,,,,,,
Net Interest Income,-5.641M,-5.403M,-5.655M,-5.71M,-4.382M,-4.357M,-3.881M,-3.664M,-3.397M,-3.321M,-3.073M,-2.739M,-2.643M,-2.722M,-2.624M,-2.65M,-2.581M,-2.492M,-2.485M,-2.448M,-2.528M,-2.495M,-2.303M,-2.155M,-2.12M,-2.026M,-2.016M,-2.072M,-2.09M,-2.126M,-2.241M,-2.291M,-2.346M,-2.389M,-2.114M,-2.15M,-2.222M,-2.256M,-2.305M,-2.363M,-2.331M,-1.54M,-1.573M,-1.642M,,,,,,,,,,,,,,,,,,,,,,,,,,,,,,,,,,,,,,,,,,,,,,,,,,,,,,,,,,,,,,,,,,,,,,,,,,,,,,,,,,,,,,,,,,,,,,,,,,,,
Pre-Tax Income,22.90M,8.605M,11.46M,38.24M,24.06M,8.518M,9.105M,36.81M,22.19M,11.16M,9.986M,31.66M,18.80M,7.406M,13.11M,33.70M,13.89M,8.453M,10.51M,35.19M,16.74M,5.265M,8.559M,29.47M,16.15M,6.795M,7.16M,24.77M,16.51M,5.302M,8.367M,17.98M,13.36M,3.854M,5.689M,22.71M,11.96M,2.429M,5.445M,23.15M,10.47M,0.691M,1.295M,14.36M,7.364M,-0.4090M,3.004M,12.46M,7.130M,-0.7234M,2.328M,13.04M,6.789M,-1.029M,1.768M,10.02M,6.934M,-1.352M,1.280M,10.31M,,-1.004M,0.9088M,9.475M,5.038M,-1.292M,1.467M,10.90M,4.457M,-1.420M,0.7735M,7.923M,3.281M,-1.181M,1.070M,8.735M,4.167M,-1.746M,0.4690M,9.095M,4.60M,-1.40M,1.20M,7.90M,3.70M,-2.10M,0.40M,6.40M,3.80M,-1.30M,1.10M,5.70M,3.10M,-1.10M,1.00M,8.80M,3.20M,1.50M,1.30M,5.70M,1.80M,-0.50M,-0.40M,6.00M,,,,,,,,,,,,,,,,,,,,,,,,,,,,,,,,,,,,,,,,
Provision for Income Taxes,5.736M,2.36M,3.161M,9.574M,6.314M,2.428M,2.718M,9.955M,-6.111M,4.324M,3.94M,12.52M,6.94M,2.99M,5.081M,13.33M,5.267M,3.334M,4.22M,14.08M,6.642M,2.085M,3.425M,11.79M,6.468M,2.916M,2.804M,9.898M,6.655M,2.083M,3.307M,7.251M,5.399M,1.457M,2.169M,8.964M,4.841M,0.801M,2.105M,9.176M,4.282M,0.383M,0.489M,5.764M,2.952M,-0.2108M,1.185M,4.891M,3.052M,-0.3635M,0.8458M,5.045M,2.825M,-0.4679M,0.6352M,3.926M,2.570M,-0.6581M,0.4843M,4.076M,,-0.4201M,0.2973M,3.701M,1.820M,-0.5823M,0.5322M,4.262M,1.707M,-0.6082M,0.2438M,3.039M,1.298M,-0.5060M,0.4031M,3.369M,1.622M,-0.7012M,0.1495M,3.426M,1.30M,-0.60M,0.40M,3.00M,1.40M,-0.80M,0.10M,2.40M,1.30M,-0.50M,0.40M,2.30M,1.00M,-0.40M,0.50M,2.80M,1.00M,0.50M,0.50M,2.00M,0.70M,-0.20M,-0.30M,2.30M,,,,,,,,,,,,,,,,,,,,,,,,,,,,,,,,,,,,,,,,
Income from Continuing Operations,17.16M,6.245M,8.304M,28.66M,17.74M,6.09M,6.387M,26.86M,28.30M,6.833M,6.046M,19.14M,11.86M,4.416M,8.029M,20.37M,8.619M,5.119M,6.294M,21.11M,10.10M,3.18M,5.134M,17.68M,9.683M,3.879M,4.356M,14.87M,9.857M,3.219M,5.06M,10.73M,7.958M,2.397M,3.52M,13.75M,7.114M,1.628M,3.34M,13.97M,6.191M,0.308M,0.806M,8.593M,4.412M,-0.1983M,1.819M,7.574M,4.079M,-0.3600M,1.482M,7.991M,3.965M,-0.5615M,1.133M,6.096M,4.364M,-0.6938M,0.7959M,6.233M,3.749M,-0.5842M,0.6115M,5.774M,3.218M,-0.7098M,0.9345M,6.637M,2.750M,-0.8121M,0.5297M,4.883M,1.983M,-0.6750M,0.6667M,5.365M,2.545M,-1.045M,0.3195M,5.669M,3.30M,-0.80M,0.80M,4.90M,2.30M,-1.30M,0.30M,4.00M,2.50M,-0.80M,0.70M,3.40M,2.10M,-0.70M,0.50M,6.00M,2.20M,1.00M,0.80M,3.70M,1.10M,-0.30M,-0.10M,3.70M,1.70M,-0.70M,,2.90M,1.50M,-0.70M,0.10M,2.50M,1.20M,-0.50M,-0.20M,2.70M,1.00M,-0.40M,-0.10M,2.60M,1.90M,-0.60M,0.30M,2.00M,0.70M,-0.10M,0.30M,1.90M,1.10M,0.20M,0.40M,1.70M,0.70M,0.10M,0.40M,1.30M,1.10M,0.50M,0.30M,1.00M,0.60M,0.90M,0.50M,1.00M
Income from Discontinued Operations,5.399M,-0.624M,,,0.057M,-0.552M,,,,,,,,,,,,,,,,,,,,,,,,,,,,,,,,,,,,,,,,,,,0.0021M,0.0041M,,,-0.0305M,-0.0951M,,,,,,,-0.0337M,-0.0720M,0.0191M,-0.0343M,-0.4748M,-0.1501M,-0.0004M,-0.1623M,-1.587M,-0.1271M,,,,,,,,,,,,,,,,,,,,,,,,,,,,,,,,,,,,,,,,,,,,,,,,,,,,,,,,,,,,,,,,,,,,,,,,,,
"Extraordinary Items, Income Statement",,,,,,,,,,,,,,,,,,,,,,,,,,,,,,,,,,,,,,,,,,,,,,,,,,,,,,,,,,,,,,,,,,,,,0.00,,,-1.916M,,,,,,,,,,,,,,,,,,,,,,,,,,,,,,,,,0.00,,,0.10M,,,,,,,,,,,,,,,,,,,,,,,,,,,,,,,,,,,,
Net Income,22.56M,5.621M,8.304M,28.66M,17.80M,5.538M,6.387M,26.86M,26.10M,6.833M,6.046M,19.14M,11.86M,4.416M,8.029M,20.37M,8.619M,5.119M,6.294M,21.11M,10.10M,3.18M,5.134M,17.68M,9.683M,3.879M,4.356M,14.87M,9.857M,3.219M,5.06M,10.73M,7.958M,2.397M,3.52M,13.75M,7.114M,1.628M,3.34M,13.97M,6.191M,0.308M,0.806M,8.593M,4.412M,-0.1983M,1.819M,7.574M,4.081M,-0.3559M,1.482M,7.991M,3.934M,-0.6566M,1.133M,6.096M,4.133M,-0.6938M,0.7959M,6.233M,3.715M,-0.6562M,0.6307M,5.739M,2.743M,-0.8599M,0.9341M,6.475M,1.163M,-0.9392M,0.5297M,2.967M,1.335M,-0.6750M,0.6667M,5.365M,2.545M,-1.045M,0.3195M,5.669M,3.30M,-0.80M,0.80M,4.90M,2.30M,-1.30M,0.30M,4.00M,2.50M,-0.80M,0.70M,3.40M,2.10M,-0.70M,0.50M,6.00M,2.20M,1.00M,0.80M,3.70M,1.10M,-0.30M,-0.10M,3.70M,1.70M,-0.70M,,3.00M,1.60M,-0.70M,0.10M,2.50M,0.60M,-0.50M,-0.20M,2.70M,1.00M,-0.40M,-0.10M,2.60M,1.90M,-0.60M,0.30M,2.00M,0.70M,-0.10M,0.30M,1.90M,1.10M,0.20M,0.40M,1.70M,0.70M,0.10M,0.40M,1.30M,1.10M,0.50M,0.30M,1.00M,0.60M,0.90M,0.50M,1.00M
Normalized Income,17.16M,6.245M,8.210M,28.66M,17.74M,6.09M,6.296M,26.86M,28.30M,6.833M,5.967M,19.14M,11.86M,4.416M,7.949M,20.37M,8.619M,5.119M,5.394M,21.11M,9.941M,3.18M,5.134M,17.68M,9.683M,3.879M,4.356M,14.87M,9.857M,3.219M,5.06M,10.73M,7.958M,1.993M,3.503M,13.73M,7.114M,1.560M,3.347M,13.90M,6.096M,0.3249M,0.7985M,8.573M,4.344M,-0.1387M,1.780M,7.564M,4.069M,-0.3512M,1.333M,7.958M,3.929M,-0.5543M,1.092M,6.049M,4.331M,-0.7055M,0.6539M,6.183M,3.749M,-0.6072M,0.5616M,5.711M,3.106M,-0.6949M,0.9127M,6.604M,2.684M,-0.8327M,0.5026M,4.753M,1.752M,-0.7125M,0.5955M,5.283M,2.539M,-1.139M,0.2818M,5.653M,2.726M,-0.86M,0.7333M,4.838M,2.362M,-1.30M,0.225M,3.938M,2.50M,-0.8615M,0.6364M,3.34M,2.032M,-0.7636M,0.44M,5.932M,2.269M,0.9333M,0.7385M,3.70M,1.283M,-0.36M,-0.10M,3.64M,1.70M,-0.70M,,2.90M,1.50M,-0.70M,0.10M,2.50M,1.20M,-0.50M,-0.20M,2.70M,1.00M,-0.40M,-0.10M,2.60M,1.90M,-0.60M,0.30M,2.00M,,,,,,,,,,,,,,,,,,,,
EBITDA,42.76M,27.43M,30.92M,57.16M,41.14M,25.54M,24.98M,52.45M,37.05M,25.89M,24.15M,45.15M,32.09M,20.26M,25.30M,45.50M,25.98M,20.38M,22.34M,46.30M,26.86M,16.24M,19.26M,40.05M,25.78M,16.57M,16.71M,34.14M,25.17M,14.59M,17.78M,27.43M,22.28M,12.50M,14.16M,30.94M,19.76M,10.42M,13.35M,31.50M,17.96M,5.338M,5.935M,19.05M,11.95M,4.172M,7.080M,16.62M,11.85M,3.983M,6.901M,17.74M,11.17M,3.151M,6.005M,14.16M,10.76M,2.469M,4.906M,14.06M,167.30M,2.806M,4.605M,13.14M,8.946M,2.723M,5.482M,14.93M,9.205M,1.979M,4.328M,11.72M,6.903M,2.158M,4.530M,12.59M,6.540M,2.483M,3.610M,12.35M,6.70M,1.20M,3.743M,10.70M,6.40M,0.50M,2.60M,8.80M,6.10M,1.00M,3.30M,7.80M,4.80M,1.70M,2.80M,10.80M,5.90M,3.50M,3.30M,7.70M,4.40M,1.40M,1.60M,8.10M,24.70M,13.90M,17.30M,30.00M,23.70M,12.50M,15.30M,24.40M,16.90M,11.90M,15.00M,26.00M,24.20M,14.70M,16.70M,31.40M,22.70M,13.50M,18.80M,25.30M,16.80M,10.50M,11.90M,19.40M,14.40M,10.70M,12.90M,17.70M,11.80M,7.40M,11.40M,19.10M,12.40M,9.00M,8.20M,16.30M,19.30M,19.50M,15.00M,15.00M
Reconciled Depreciation,14.22M,13.42M,13.80M,13.21M,12.70M,12.67M,11.99M,11.98M,11.46M,11.41M,11.09M,10.75M,10.64M,10.13M,9.57M,9.149M,9.515M,9.431M,9.34M,8.664M,7.595M,8.48M,8.40M,8.418M,7.513M,7.748M,7.531M,7.296M,6.565M,7.16M,7.173M,7.159M,6.578M,6.26M,6.355M,6.076M,5.578M,5.735M,5.599M,5.989M,5.155M,3.107M,3.067M,3.048M,2.913M,3.002M,2.751M,2.579M,3.033M,2.997M,3.213M,3.153M,2.999M,2.829M,2.799M,2.719M,2.566M,2.568M,2.581M,2.559M,2.486M,2.523M,2.442M,2.440M,2.692M,2.570M,2.620M,2.615M,3.458M,2.257M,1.934M,2.775M,2.918M,1.236M,2.386M,2.554M,1.221M,2.319M,2.225M,2.280M,2.00M,1.80M,1.70M,2.00M,,,,,,,,,,,,,,,,,,,,,,,,,,,,,,,,,,,,,,,,,,,,,,,,,,,,,,,,,,,,
EBIT,28.54M,14.01M,17.12M,43.95M,28.44M,12.88M,12.99M,40.47M,25.59M,14.48M,13.06M,34.40M,21.45M,10.13M,15.73M,36.35M,16.47M,10.94M,13.00M,37.64M,19.27M,7.76M,10.86M,31.63M,18.27M,8.821M,9.176M,26.84M,18.60M,7.428M,10.61M,20.27M,15.70M,6.243M,7.803M,24.86M,14.18M,4.685M,7.75M,25.51M,12.80M,2.231M,2.868M,16.00M,9.041M,1.170M,4.329M,14.04M,8.816M,0.9856M,3.688M,14.58M,8.171M,0.3227M,3.205M,11.44M,8.191M,-0.0991M,2.325M,11.50M,164.81M,0.2827M,2.163M,10.70M,6.254M,0.1526M,2.862M,12.31M,5.748M,-0.2782M,1.946M,8.946M,3.985M,0.0564M,2.144M,10.04M,5.320M,-0.7451M,1.385M,10.07M,4.70M,-0.60M,2.043M,8.70M,4.70M,-1.30M,1.00M,7.10M,4.40M,-0.60M,1.80M,6.30M,3.50M,-0.60M,1.50M,9.40M,4.00M,2.00M,1.90M,6.30M,2.70M,0.10M,0.20M,6.70M,24.70M,13.90M,17.30M,30.00M,23.70M,12.50M,15.30M,24.40M,16.90M,11.90M,15.00M,26.00M,24.20M,14.70M,16.70M,31.40M,22.70M,13.50M,18.80M,25.30M,16.80M,10.50M,11.90M,19.40M,14.40M,10.70M,12.90M,17.70M,11.80M,7.40M,11.40M,19.10M,12.40M,9.00M,8.20M,16.30M,19.30M,19.50M,15.00M,15.00M
EPS Basic from Continuing Operations,1.05,0.38,0.51,1.75,1.09,0.37,0.39,1.64,1.60,0.42,0.37,1.17,0.73,0.29,0.52,1.33,0.56,0.34,0.41,1.45,0.69,0.22,0.35,1.22,0.67,0.27,0.30,1.033,0.69,0.2267,0.3533,0.7467,0.5533,0.1667,0.2467,0.96,0.50,0.1133,0.2333,0.9867,0.5067,0.0267,0.08,0.84,0.4333,-0.02,0.18,0.74,0.4067,-0.0333,0.1467,0.7933,0.4267,-0.06,0.1267,0.6867,0.4667,-0.08,0.0933,0.72,0.4333,-0.0667,0.0733,0.6733,0.38,-0.0867,0.1133,0.7933,0.3333,-0.10,0.0667,0.60,0.2467,-0.0867,0.08,0.6733,0.3267,-0.1333,0.04,0.7267,0.4267,-0.10,0.1067,0.6467,0.3067,-0.1667,0.0333,0.5333,0.3333,-0.1067,0.10,0.5067,0.1867,-0.1133,0.0733,0.9067,0.1867,0.18,0.14,0.6667,0.20,-0.0467,-0.02,0.6933,0.32,-0.1267,,0.5533,0.28,-0.1267,0.0267,0.4933,0.22,-0.10,-0.04,0.52,0.1867,-0.08,-0.0133,0.5133,0.3933,-0.12,0.06,0.4533,,-0.04,0.0667,0.5067,,0.0533,0.10,0.4733,,0.02,0.12,0.3733,,0.1667,0.0667,0.2867,,0.2467,0.1467,0.2867
EPS Basic from Discontinued Operations,0.33,-0.04,,,0.00,-0.03,,,,,,,,,,,,,,,,,,,,,,,,,,,,0.00,0.00,0.00,,0.00,0.00,0.00,0.00,0.00,0.00,0.00,0.00,0.00,0.00,0.00,0.00,0.00,0.00,0.00,-0.0067,-0.0133,0.00,0.00,0.00,0.00,0.00,0.00,0.0067,-0.0067,0.00,0.00,-0.0533,-0.0133,0.00,-0.02,-0.1951,-0.0133,0.00,-0.2333,-0.08,0.00,0.00,0.00,0.00,0.00,0.00,0.00,0.00,0.00,0.00,0.00,0.00,0.00,0.00,0.00,0.00,0.00,0.00,0.00,0.00,0.00,0.00,0.00,0.00,0.00,0.00,0.00,0.00,0.00,0.00,0.00,0.00,0.00,,0.0133,0.0133,0.00,0.00,0.00,-0.1133,0.00,0.00,0.00,0.00,0.00,0.00,0.00,0.00,0.00,0.00,0.00,,0.00,0.00,0.00,,0.00,0.00,0.00,,0.00,0.00,0.00,,0.00,0.00,0.00,,0.00,0.00,0.00
EPS Basic from Extraordinaries,,,,,,,,,,,,,,,,,,,,,,,,,,,,,,,,,,,,,,,,,,,,,,,,,,,,,,,,,,,,,,,,,,,,,0.00,,,0.00,,,,,,,,,,,,,,,,,,,,,,,,,,,,,,,,,0.00,,,0.00,,,,,,,,,,,,,,,,,,,,,,,,,,,,,,,,,,,,
Normalized Basic EPS,1.05,0.38,0.5043,1.75,1.09,0.37,0.3844,1.64,1.60,0.42,0.3652,1.17,0.73,0.29,0.5148,1.33,0.56,0.34,0.3509,1.45,0.6793,0.22,0.35,1.22,0.67,0.27,0.30,1.033,0.69,0.2267,0.3533,0.7467,0.5533,0.1385,0.2455,0.9591,0.50,0.1085,0.2338,0.9818,0.4994,0.0283,0.0793,0.8381,0.4267,-0.0142,0.1762,0.7390,0.4058,-0.0325,0.1319,0.7901,0.4229,-0.0592,0.1221,0.6813,0.4630,-0.0813,0.0767,0.7142,0.4333,-0.0692,0.0675,0.6660,0.3667,-0.0849,0.1107,0.7894,0.3252,-0.1025,0.0633,0.5841,0.2173,-0.0913,0.0714,0.6629,0.3259,-0.1453,0.0353,0.7245,0.3525,-0.1075,0.0978,0.6385,0.3151,-0.1667,0.025,0.525,0.3333,-0.1149,0.0909,0.4977,0.1798,-0.1236,0.0645,0.8964,0.1939,0.168,0.1292,0.6667,0.2333,-0.056,-0.02,0.6821,0.32,-0.1267,,0.5533,0.28,-0.1267,0.0267,0.4933,0.22,-0.10,-0.04,0.52,0.1867,-0.08,-0.0133,0.5133,0.3933,-0.12,0.06,0.4533,,-0.04,0.0667,0.5067,,0.0533,0.10,0.4733,,0.02,0.12,0.3733,,0.1667,0.0667,0.2867,,0.2467,0.1467,0.2867
EPS Basic,1.38,0.34,0.51,1.75,1.09,0.34,0.39,1.64,1.60,0.42,0.37,1.17,0.73,0.29,0.52,1.33,0.56,0.34,0.41,1.45,0.69,0.22,0.35,1.22,0.67,0.27,0.30,1.033,0.69,0.2267,0.3533,0.7467,0.5533,0.1667,0.2467,0.96,0.50,0.1133,0.2333,0.9867,0.5067,0.0267,0.08,0.84,0.4333,-0.02,0.18,0.74,0.4067,-0.0333,0.1467,0.7933,0.42,-0.0733,0.1267,0.6867,0.4667,-0.08,0.0933,0.72,0.44,-0.0733,0.0733,0.6733,0.3267,-0.10,0.1133,0.7733,0.60,-0.1133,0.0667,0.3667,0.1667,-0.0867,0.08,0.6733,0.3267,-0.1333,0.04,0.7267,0.4267,-0.10,0.1067,0.6467,0.3067,-0.1667,0.0333,0.5333,0.3333,-0.1067,0.10,0.5067,0.1867,-0.1133,0.0733,0.9067,0.1867,0.18,0.14,0.6667,0.20,-0.0467,-0.02,0.6933,0.32,-0.1267,,0.5667,0.2933,-0.1267,0.0267,0.4933,0.1067,-0.10,-0.04,0.52,0.1867,-0.08,-0.0133,0.5133,0.3933,-0.12,0.06,0.4533,,-0.04,0.0667,0.5067,,0.0533,0.10,0.4733,,0.02,0.12,0.3733,,0.1667,0.0667,0.2867,,0.2467,0.1467,0.2867
EPS Diluted from Continuing Operations,1.04,0.38,0.50,1.74,1.08,0.37,0.39,1.64,1.59,0.42,0.37,1.17,0.73,0.29,0.52,1.33,0.56,0.33,0.41,1.44,0.69,0.22,0.35,1.22,0.67,0.27,0.30,1.027,0.6767,0.22,0.3467,0.74,0.5533,0.1667,0.2467,0.9533,0.50,0.1133,0.2333,0.98,0.50,0.0267,0.08,0.8267,0.4267,-0.02,0.18,0.7333,0.40,-0.0333,0.1467,0.7867,0.42,-0.06,0.1267,0.6733,0.4667,-0.08,0.0933,0.70,0.4267,-0.0667,0.0733,0.66,0.3667,-0.0867,0.1133,0.7733,0.3333,-0.10,0.0667,0.58,0.24,-0.0867,0.08,0.6533,0.3133,-0.1333,0.04,0.70,0.4133,-0.10,0.10,0.6267,0.30,-0.1667,0.0333,0.5133,0.3267,-0.1067,0.10,0.48,0.1867,-0.1133,0.0733,0.8667,0.1867,0.1733,0.14,0.6333,0.1933,-0.0467,-0.02,0.6533,0.3067,-0.1267,,0.5267,0.28,-0.1267,0.0267,0.4933,0.22,-0.10,-0.04,0.4867,0.1867,-0.08,-0.0133,0.4867,0.3933,-0.12,0.06,0.4533,,-0.04,0.0667,0.5067,,0.0533,0.10,0.4733,,0.02,0.12,0.3733,,0.1667,0.0667,0.2867,,0.2467,0.1467,0.2867
EPS Diluted from Discontinued Operations,0.33,-0.04,,,0.00,-0.03,,,,,,,,,,,,,,,,,,,,,,,,,,,,0.00,0.00,0.00,,0.00,0.00,0.00,0.00,0.00,0.00,0.00,0.00,0.00,0.00,0.00,0.00,0.00,0.00,0.00,-0.0067,-0.0133,0.00,0.00,0.00,0.00,0.00,0.00,0.0067,-0.0067,0.00,-0.0067,-0.0533,-0.0133,0.00,-0.02,-0.1951,-0.0133,0.00,-0.2333,-0.08,0.00,0.00,0.00,0.00,0.00,0.00,0.00,0.00,0.00,0.00,0.00,0.00,0.00,0.00,0.00,0.00,0.00,0.00,0.00,0.00,0.00,0.00,0.00,0.00,0.00,0.00,0.00,0.00,0.00,0.00,0.00,0.00,0.00,,0.0067,0.0133,0.00,0.00,0.00,-0.1133,0.00,0.00,0.00,0.00,0.00,0.00,0.00,0.00,0.00,0.00,0.00,,0.00,0.00,0.00,,0.00,0.00,0.00,,0.00,0.00,0.00,,0.00,0.00,0.00,,0.00,0.00,0.00
EPS Diluted from Extraordinaries,,,,,,,,,,,,,,,,,,,,,,,,,,,,,,,,,,,,,,,,,,,,,,,,,,,,,,,,,,,,,,,,,,,,,0.0026,,,-0.2346,,,,,,,,,,,,,,,,,,,,,,,,,,,,,,,,,-0.0002,,,0.0178,,,,,,,,,,,,,,,,,,,,,,,,,,,,,,,,,,,,
Normalized Diluted EPS,1.04,0.38,0.4943,1.74,1.08,0.37,0.3844,1.64,1.59,0.42,0.3652,1.17,0.73,0.29,0.5148,1.33,0.56,0.33,0.3511,1.44,0.6794,0.22,0.35,1.22,0.67,0.27,0.30,1.027,0.6767,0.22,0.3467,0.74,0.5533,0.1388,0.2455,0.9524,0.50,0.1085,0.2338,0.9751,0.4928,0.0283,0.0793,0.8248,0.4201,-0.0142,0.1763,0.7323,0.3991,-0.0325,0.1322,0.7835,0.4165,-0.0592,0.1221,0.6681,0.4630,-0.0813,0.0767,0.6944,0.4267,-0.0692,0.0675,0.6529,0.3536,-0.0849,0.1107,0.7695,0.3252,-0.1025,0.0633,0.5646,0.2124,-0.0913,0.0714,0.6432,0.3126,-0.1453,0.0353,0.6979,0.3419,-0.1075,0.0917,0.6187,0.3081,-0.1667,0.025,0.5053,0.3267,-0.1149,0.0909,0.4715,0.1798,-0.1236,0.0645,0.8568,0.1938,0.1618,0.1292,0.6333,0.2256,-0.056,-0.02,0.6427,0.3067,-0.1267,,0.5267,0.28,-0.1267,0.0267,0.4933,0.22,-0.10,-0.04,0.4867,0.1867,-0.08,-0.0133,0.4867,0.3933,-0.12,0.06,0.4533,,-0.04,0.0667,0.5067,,0.0533,0.10,0.4733,,0.02,0.12,0.3733,,0.1667,0.0667,0.2867,,0.2467,0.1467,0.2867
EPS Diluted,1.37,0.34,0.50,1.74,1.08,0.34,0.39,1.64,1.59,0.42,0.37,1.17,0.73,0.29,0.52,1.33,0.56,0.33,0.41,1.44,0.69,0.22,0.35,1.22,0.67,0.27,0.30,1.027,0.6767,0.22,0.3467,0.74,0.5533,0.1667,0.2467,0.9533,0.50,0.1133,0.2333,0.98,0.50,0.0267,0.08,0.8267,0.4267,-0.02,0.18,0.7333,0.40,-0.0333,0.1467,0.7867,0.4133,-0.0733,0.1267,0.6733,0.4667,-0.08,0.0933,0.70,0.4333,-0.0733,0.0733,0.6533,0.32,-0.10,0.1133,0.7533,0.60,-0.1133,0.0667,0.3533,0.16,-0.0867,0.08,0.6533,0.3133,-0.1333,0.04,0.70,0.4133,-0.10,0.10,0.6267,0.30,-0.1667,0.0333,0.5133,0.3267,-0.1067,0.10,0.48,0.1867,-0.1133,0.0733,0.8667,0.1867,0.1733,0.14,0.6333,0.1933,-0.0467,-0.02,0.6533,0.3067,-0.1267,,0.5333,0.2933,-0.1267,0.0267,0.4933,0.1067,-0.10,-0.04,0.4867,0.1867,-0.08,-0.0133,0.4867,0.3933,-0.12,0.06,0.4533,,-0.04,0.0667,0.5067,,0.0533,0.10,0.4733,,0.02,0.12,0.3733,,0.1667,0.0667,0.2867,,0.2467,0.1467,0.2867
Average Basic Shares Outstanding,16.40M,16.40M,16.40M,16.38M,16.38M,16.38M,16.37M,16.35M,16.34M,16.34M,16.34M,16.32M,16.31M,15.37M,15.32M,15.29M,15.27M,15.26M,15.24M,14.60M,14.59M,14.57M,14.56M,14.49M,14.45M,14.44M,14.43M,14.40M,14.39M,14.39M,14.38M,14.36M,14.35M,14.35M,14.34M,14.30M,14.28M,14.24M,14.20M,14.13M,13.01M,10.32M,10.29M,10.25M,10.24M,10.22M,10.22M,10.19M,10.16M,10.13M,10.11M,10.06M,9.316M,8.960M,8.928M,8.857M,8.883M,8.778M,8.528M,8.657M,8.368M,8.948M,8.600M,8.524M,8.397M,8.599M,8.242M,8.373M,8.015M,8.255M,7.945M,8.166M,7.870M,8.084M,8.334M,7.969M,7.754M,7.835M,7.989M,7.809M,7.736M,8.00M,7.50M,7.577M,7.404M,7.80M,9.00M,7.50M,7.50M,7.50M,7.00M,6.711M,9.889M,6.176M,6.818M,6.618M,9.527M,5.556M,5.714M,5.55M,5.500M,6.429M,5.00M,5.337M,5.257M,5.526M,5.294M,5.294M,5.659M,5.526M,3.75M,5.068M,5.548M,5.00M,5.00M,5.192M,5.440M,5.00M,5.065M,5.065M,4.636M,5.00M,5.00M,4.412M,3.864M,2.428M,2.427M,2.421M,3.555M,3.550M,3.550M,3.550M,3.550M,3.544M,3.544M,3.54M,3.54M,3.537M,3.537M,3.537M,3.537M,3.526M,3.524M,3.486M
Average Diluted Shares Outstanding,16.46M,16.45M,16.45M,16.43M,16.43M,16.43M,16.42M,16.40M,16.40M,16.39M,16.38M,16.36M,16.35M,15.41M,15.35M,15.33M,15.32M,15.31M,15.28M,14.66M,14.66M,14.62M,14.61M,14.54M,14.56M,14.55M,14.54M,14.52M,14.50M,14.51M,14.52M,14.50M,14.49M,14.49M,14.48M,14.45M,14.43M,14.25M,14.34M,14.29M,13.23M,10.33M,10.30M,10.41M,10.42M,10.23M,10.38M,10.36M,10.32M,10.13M,10.27M,10.23M,10.05M,8.960M,8.945M,9.072M,8.883M,8.778M,8.528M,8.904M,8.524M,8.948M,8.600M,8.784M,8.577M,8.599M,8.242M,8.595M,8.015M,8.255M,7.945M,8.465M,8.392M,8.084M,8.334M,8.212M,8.173M,7.835M,7.989M,8.147M,8.036M,8.00M,8.00M,7.819M,7.696M,7.80M,9.00M,7.792M,7.756M,7.50M,7.00M,7.083M,9.889M,6.176M,6.818M,6.923M,9.589M,5.769M,5.714M,5.842M,5.687M,6.429M,5.00M,5.663M,5.646M,5.526M,5.625M,5.625M,5.659M,5.526M,3.75M,5.068M,5.548M,5.00M,5.548M,5.548M,5.440M,5.00M,5.342M,5.342M,4.636M,5.00M,5.00M,4.412M,3.864M,2.428M,2.427M,2.421M,3.555M,3.550M,3.550M,3.550M,3.550M,3.544M,3.544M,3.54M,3.54M,3.537M,3.537M,3.537M,3.537M,3.526M,3.524M,3.486M
Dividend Per Share,0.405,0.405,0.405,0.37,0.37,0.37,0.37,0.325,0.325,0.325,0.325,0.305,0.305,0.305,0.305,0.2875,0.2875,0.2875,0.2875,0.27,0.27,0.27,0.27,0.2567,0.2567,0.2567,0.2567,0.2433,0.2433,0.2433,0.2433,0.23,0.23,0.23,0.23,0.22,0.22,0.22,0.22,0.21,0.21,0.21,0.21,0.2033,0.2033,0.2033,0.2033,0.1967,0.1967,0.1967,0.1967,0.1933,0.1933,0.1933,0.1933,0.19,0.19,0.19,0.19,0.1867,0.1867,0.1867,0.1867,0.1833,0.1833,0.1833,0.1833,0.1833,0.1833,0.1833,0.1833,0.1833,0.1833,0.1833,0.1833,0.18,0.18,0.18,0.18,0.1733,0.1733,0.1733,0.1733,0.1667,0.1667,0.1667,0.1667,0.1667,0.1617,0.1617,0.1617,0.1617,0.155,0.1553,0.1553,0.1553,0.15,0.15,0.15,0.15,0.1467,0.1467,0.1467,0.1467,0.1433,0.1433,0.1433,0.1433,0.1433,0.1433,0.1433,0.1433,0.1433,0.1433,0.1433,0.1433,0.1433,0.1433,0.1405,0.1405,0.1405,0.1389,0.1389,0.1388,0.1389,0.1389,0.1333,0.1333,0.1333,0.1333,0.1278,0.1278,0.1278,0.1259,0.1259,0.1259,0.1186,0.1186,0.1186,0.1186,0.1186,,,
As Originally Reported,AOR,AOR,AOR,AOR,AOR,AOR,AOR,AOR,AOR,AOR,AOR,AOR,AOR,AOR,AOR,AOR,AOR,AOR,AOR,AOR,AOR,AOR,AOR,AOR,AOR,AOR,AOR,AOR,AOR,AOR,AOR,AOR,AOR,AOR,AOR,AOR,AOR,AOR,AOR,AOR,AOR,AOR,AOR,AOR,,,,,,,,,,,,,,,,,,,,,,,,,,,,,,,,,,,,,,,,,,,,,,,,,,,,,,,,,,,,,,,,,,,,,,,,,,,,,,,,,,,,,,,,,,,,,,,,,,,,
Restated,,,,,Restated,Restated,Restated,Restated,Restated,Restated,Restated,Restated,Restated,Restated,Restated,Restated,Restated,Restated,Restated,Restated,Restated,Restated,Restated,Restated,Restated,Restated,Restated,Restated,Restated,Restated,Restated,Restated,Restated,Restated,Restated,Restated,Restated,Restated,Restated,Restated,Restated,Restated,Restated,Restated,Restated,,,,,,,,,,,,,,,,,,,,,,,,,,,,,,,,,,,,,,,,,,,,,,,,,,,,,,,,,,,,,,,,,,,,,,,,,,,,,,,,,,,,,,,,,,,,,,,,,,,
