Income (Quarterly),2019-12,2019-09,2019-06,2019-03,2018-12,2018-09,2018-06,2018-03,2017-12,2017-09,2017-06,2017-03,2016-12,2016-09,2016-06,2016-03,2015-12,2015-09,2015-06,2015-03,2014-12,2014-09,2014-06,2014-03,2013-12,2013-09,2013-06,2013-03,2012-12,2012-09,2012-06,2012-03,2011-12,2011-09,2011-06,2011-03,2010-12,2010-09,2010-06,2010-03,2009-12,2009-09,2009-06,2009-03,2008-12,2008-09,2008-06,2008-03,2007-12,2007-09,2007-06,2007-03,2006-12,2006-09,2006-06,2006-03,2005-12,2005-09,2005-06,2005-03,2004-12,2004-09,2004-06,2004-03,2003-12,2003-09,2003-06,2003-03,2002-12,2002-09,2002-06,2002-03,2001-12,2001-09,2001-06,2001-03,2000-12,2000-09,2000-06,2000-03,1999-12,1999-09,1999-06,1999-03,1998-12,1998-09,1998-06,1998-03,1997-12,1997-09,1997-06,1997-03,1996-12,1996-09,1996-06,1996-03,1995-12,1995-09,1995-06,1995-03,1994-12,1994-09,1994-06,1994-03,1993-12,1993-09,1993-06,1993-03,1992-12,1992-09,1992-06,1992-03,1991-12,1991-09,1991-06,1991-03,1990-12,1990-09,1990-06,1990-03,1989-12,1989-09,1989-06,1989-03,1988-12,1988-09,1988-06,1988-03,1987-12,1987-09,1987-06,1987-03,1986-12,1986-09,1986-06,1986-03,1985-12,1985-09,1985-06,1985-03,1984-12,1984-09,1984-06,1984-03
Operating Revenue,8.342B,8.929B,7.689B,9.477B,8.808B,9.403B,8.076B,9.693B,8.378B,8.768B,7.665B,8.747B,7.88B,9.002B,6.91B,7.573B,6.701B,7.401B,6.514B,8.83B,7.256B,6.912B,6.024B,7.237B,6.163B,6.502B,6.141B,6.082B,6.254B,6.579B,5.966B,4.69B,4.358B,5.254B,4.496B,4.956B,4.494B,5.291B,4.398B,4.461B,4.116B,4.339B,4.141B,4.722B,4.493B,5.228B,4.622B,4.517B,4.554B,5.032B,4.501B,4.829B,3.695B,4.401B,3.697B,3.861B,3.838B,4.473B,3.484B,3.561B,3.312B,3.748B,3.438B,3.635B,2.912B,4.441B,3.721B,4.074B,3.71B,4.37B,3.519B,3.357B,3.293B,4.185B,3.616B,3.823B,3.133B,1.629B,1.385B,1.353B,1.269B,1.729B,1.199B,1.252B,1.134B,1.786B,1.215B,1.190B,1.144B,1.278B,1.032B,1.163B,1.014B,1.110B,989.40M,1.170B,1.044B,1.125B,958.60M,1.059B,919.50M,1.041B,951.60M,1.128B,941.80M,1.073B,901.70M,1.072B,983.30M,996.10M,903.20M,1.080B,959.70M,1.068B,958.60M,989.80M,897.80M,1.012B,841.90M,953.50M,842.30M,895.40M,777.50M,890.40M,778.80M,899.00M,699.70M,851.30M,737.60M,839.30M,735.20M,869.50M,704.30M,806.80M,685.20M,894.60M,727.00M,750.90M,683.50M,852.30M,704.10M,755.60M,703.20M,818.00M
Revenue,8.342B,8.929B,7.689B,9.477B,8.808B,9.403B,8.076B,9.693B,8.378B,8.768B,7.665B,8.747B,7.88B,9.002B,6.91B,7.573B,6.701B,7.401B,6.514B,8.83B,7.256B,6.912B,6.024B,7.237B,6.163B,6.502B,6.141B,6.082B,6.254B,6.579B,5.966B,4.69B,4.358B,5.254B,4.496B,4.956B,4.494B,5.291B,4.398B,4.461B,4.116B,4.339B,4.141B,4.722B,4.493B,5.228B,4.622B,4.517B,4.554B,5.032B,4.501B,4.829B,3.695B,4.401B,3.697B,3.861B,3.838B,4.473B,3.484B,3.561B,3.312B,3.748B,3.438B,3.635B,2.912B,4.441B,3.721B,4.074B,3.71B,4.37B,3.519B,3.357B,3.293B,4.185B,3.616B,3.823B,3.133B,1.629B,1.385B,1.353B,1.269B,1.729B,1.199B,1.252B,1.134B,1.786B,1.215B,1.190B,1.144B,1.278B,1.032B,1.163B,1.014B,1.110B,989.40M,1.170B,1.044B,1.125B,958.60M,1.059B,919.50M,1.041B,951.60M,1.128B,941.80M,1.073B,901.70M,1.072B,983.30M,996.10M,903.20M,1.080B,959.70M,1.068B,958.60M,989.80M,897.80M,1.012B,841.90M,953.50M,842.30M,895.40M,777.50M,890.40M,778.80M,899.00M,699.70M,851.30M,737.60M,839.30M,735.20M,869.50M,704.30M,806.80M,685.20M,894.60M,727.00M,750.90M,683.50M,852.30M,704.10M,755.60M,703.20M,818.00M
Cost of Goods Sold,5.962B,6.024B,5.384B,6.742B,6.597B,6.678B,5.622B,7.111B,5.875B,5.817B,6.031B,6.337B,5.455B,6.092B,4.959B,6.089B,5.077B,5.287B,4.491B,6.551B,6.167B,4.63B,4.578B,6.198B,4.46B,4.478B,4.311B,4.745B,4.741B,5.196B,4.447B,3.733B,6.615B,2.121B,1.716B,2.001B,6.293B,1.956B,1.527B,1.259B,1.241B,1.20B,1.381B,1.459B,1.409B,2.045B,1.518B,1.61B,1.916B,2.071B,1.64B,2.015B,1.212B,1.485B,1.073B,1.449B,1.634B,1.681B,1.14B,1.19B,1.148B,1.233B,1.153B,1.395B,1.211B,1.863B,1.387B,1.737B,1.266B,1.71B,1.123B,1.164B,953.00M,1.631B,1.175B,1.33B,1.091B,576.00M,476.00M,463.00M,406.00M,786.00M,501.00M,453.00M,334.90M,732.90M,360.20M,383.00M,336.00M,354.10M,266.10M,334.00M,235.60M,226.00M,211.30M,299.50M,197.90M,198.00M,166.60M,200.30M,135.60M,146.70M,161.50M,259.80M,,,,,,,,,,,,,,,,,,,,,,,,,,,,,,,,,,,,,,,,
Gross Profit,2.38B,2.905B,2.305B,2.735B,2.211B,2.725B,2.454B,2.582B,2.503B,2.951B,1.634B,2.41B,2.425B,2.91B,1.951B,1.484B,1.624B,2.114B,2.023B,2.279B,1.089B,2.282B,1.446B,1.039B,1.703B,2.024B,1.83B,1.337B,1.513B,1.383B,1.519B,957.00M,-2.257B,3.133B,2.78B,2.955B,-1.799B,3.335B,2.871B,3.202B,2.875B,3.139B,2.76B,3.263B,3.084B,3.183B,3.104B,2.907B,2.638B,2.961B,2.861B,2.814B,2.483B,2.916B,2.624B,2.412B,2.204B,2.792B,2.344B,2.371B,2.164B,2.515B,2.285B,2.24B,1.701B,2.578B,2.334B,2.337B,2.444B,2.66B,2.396B,2.193B,2.34B,2.554B,2.441B,2.493B,2.042B,1.053B,909.00M,890.00M,863.00M,943.00M,698.00M,799.00M,799.20M,1.053B,855.00M,807.20M,808.00M,924.10M,766.20M,829.40M,777.90M,884.20M,778.10M,871.00M,845.80M,927.20M,792.00M,858.30M,783.90M,894.40M,790.10M,868.60M,,,,,,,,,,,,,,,,,,,,,,,,,,,,,,,,,,,,,,,,
Special Income and Charges,13.00M,-17.00M,33.00M,3.00M,1.00M,-5.00M,4.00M,56.00M,212.00M,6.00M,1.00M,230.00M,-89.00M,1.00M,31.00M,9.00M,8.00M,2.00M,7.00M,1.00M,109.00M,339.00M,274.00M,5.00M,,,,,,,,,,-142.00M,101.00M,94.00M,,206.00M,-122.00M,93.00M,60.00M,148.00M,257.00M,-37.00M,-132.00M,-164.00M,-48.00M,-63.00M,350.00M,80.00M,,31.00M,-82.00M,101.00M,25.00M,6.00M,,-27.00M,37.00M,-6.00M,-43.00M,-144.00M,85.00M,8.00M,-106.00M,5.00M,15.00M,-135.00M,27.00M,107.00M,192.00M,30.00M,16.00M,1.00M,39.00M,73.00M,-66.00M,46.00M,6.00M,25.00M,18.00M,9.00M,11.00M,-36.00M,-45.20M,-12.10M,-26.90M,-12.80M,-51.70M,-5.20M,-6.70M,-2.40M,4.40M,-3.20M,-0.20M,-3.00M,-0.20M,-2.50M,0.60M,1.70M,0.50M,-1.50M,16.80M,7.30M,,,,,,,,,,,,,,,,,,,,,,,,,,,,,,,,,,,,,,,,
Non Income Taxes,416.00M,452.00M,418.00M,445.00M,441.00M,469.00M,428.00M,446.00M,418.00M,456.00M,420.00M,436.00M,408.00M,449.00M,394.00M,325.00M,292.00M,310.00M,294.00M,304.00M,267.00M,306.00M,288.00M,293.00M,270.00M,277.00M,271.00M,277.00M,282.00M,290.00M,254.00M,194.00M,183.00M,207.00M,191.00M,203.00M,193.00M,232.00M,186.00M,197.00M,186.00M,212.00M,180.00M,200.00M,181.00M,218.00M,186.00M,193.00M,194.00M,208.00M,199.00M,196.00M,189.00M,218.00M,170.00M,194.00M,168.00M,211.00M,177.00M,172.00M,162.00M,177.00M,182.00M,189.00M,81.00M,131.00M,159.00M,197.00M,141.00M,201.00M,181.00M,186.00M,130.00M,172.00M,153.00M,168.00M,125.00M,67.00M,63.00M,67.00M,66.00M,76.00M,45.00M,75.00M,73.80M,52.30M,71.80M,82.10M,75.80M,78.70M,72.60M,83.00M,68.70M,75.80M,74.30M,80.70M,81.00M,80.00M,73.70M,79.40M,78.50M,78.20M,72.00M,83.00M,,,,,,,,,,,,,,,,,,,,,,,,,,,,,,,,,,,,,,,,
Operating Interest Expense,,,,,,,,,,,,,,,,,,,,,,,,,,,,,,,,,,182.00M,182.00M,181.00M,,175.00M,275.00M,183.00M,176.00M,188.00M,180.00M,187.00M,,,,,,,,,,,,,,,,,,,,,,,,,,,,,,,,,,,,,,,,,,,,,,,,,,,,,,,,,,,,,,,,,,,,,,,,,,,,,,,,,,,,,,,,,,,,,,,,,,,,
Net Operating Interest Income,-395.00M,-409.00M,-409.00M,-403.00M,-416.00M,-393.00M,-373.00M,-371.00M,-366.00M,-386.00M,-436.00M,-373.00M,-357.00M,-516.00M,-376.00M,-287.00M,-278.00M,-253.00M,-155.00M,-345.00M,-343.00M,-258.00M,-238.00M,-227.00M,-246.00M,-234.00M,-252.00M,-623.00M,-231.00M,-246.00M,-256.00M,-195.00M,-181.00M,-182.00M,-182.00M,-181.00M,-183.00M,-175.00M,-275.00M,-183.00M,-176.00M,-188.00M,-180.00M,-187.00M,,,,,,,,,,,,,,,,,,,,,,,,,,,,,,,,,,,,,,,,,,,,,,,,,,,,,,,,,,,,,,,,,,,,,,,,,,,,,,,,,,,,,,,,,,,,,,,,,,,,
Other Operating Expenses,,,,,,,,,,,,,,,,,,,,,,,,,,,,,,,,,,,,,,,,,,1.039B,1.125B,1.372B,,1.121B,1.086B,1.193B,1.175B,994.00M,1.062B,1.058B,794.00M,1.86B,881.00M,1.037B,2.121B,911.00M,945.00M,949.00M,1.004B,778.00M,939.00M,979.00M,553.00M,2.148B,1.10B,1.109B,1.093B,1.114B,1.07B,1.067B,1.101B,1.101B,1.134B,1.058B,1.282B,457.00M,456.00M,391.00M,439.00M,339.00M,342.00M,278.00M,517.30M,280.30M,244.80M,271.50M,475.60M,290.60M,196.30M,294.50M,180.70M,348.10M,300.00M,299.40M,239.00M,316.10M,209.60M,296.60M,279.70M,551.20M,316.60M,296.70M,,,,,,,,,,,,,,,,,,,,,,,,,,,,,,,,,,,,,,,,
Total Operating Expenses,1.431B,1.535B,1.497B,1.52B,1.51B,1.574B,1.516B,1.537B,1.432B,1.458B,1.335B,1.332B,1.523B,1.644B,1.335B,1.01B,924.00M,916.00M,896.00M,914.00M,849.00M,883.00M,878.00M,857.00M,817.00M,807.00M,804.00M,820.00M,787.00M,790.00M,748.00M,576.00M,-3.32B,1.952B,1.746B,1.753B,-2.739B,1.969B,1.853B,1.80B,1.799B,1.736B,1.744B,2.008B,1.751B,1.77B,1.674B,1.784B,1.743B,1.61B,1.63B,1.623B,1.335B,2.478B,1.422B,1.594B,2.62B,1.48B,1.447B,1.44B,1.487B,1.317B,1.432B,1.469B,907.00M,2.572B,1.534B,1.58B,1.562B,1.66B,1.583B,1.588B,1.571B,1.642B,1.649B,1.604B,1.621B,607.00M,600.00M,538.00M,571.00M,472.00M,445.00M,423.00M,733.50M,503.80M,488.70M,520.00M,742.20M,536.00M,446.70M,527.40M,500.40M,537.60M,510.90M,513.80M,504.10M,509.60M,415.10M,503.60M,489.70M,760.60M,518.60M,504.70M,,,,,,,,,,,,,,,,,,,,,,,,,,,,,,,,,,,,,,,,
Operating Income,949.00M,1.37B,808.00M,1.215B,701.00M,1.151B,938.00M,1.045B,1.071B,1.493B,299.00M,1.078B,902.00M,1.266B,616.00M,474.00M,700.00M,1.198B,1.127B,1.365B,240.00M,1.399B,568.00M,182.00M,886.00M,1.217B,1.026B,517.00M,726.00M,593.00M,771.00M,381.00M,1.063B,1.181B,1.034B,1.202B,940.00M,1.366B,1.018B,1.402B,1.076B,1.403B,1.016B,1.255B,1.333B,1.413B,1.43B,1.123B,895.00M,1.351B,1.231B,1.191B,1.148B,438.00M,1.202B,818.00M,-416.00M,1.312B,897.00M,931.00M,677.00M,1.198B,853.00M,771.00M,794.00M,6.00M,800.00M,757.00M,882.00M,1.00B,813.00M,605.00M,769.00M,912.00M,792.00M,889.00M,421.00M,446.00M,309.00M,352.00M,292.00M,471.00M,253.00M,376.00M,65.70M,548.80M,366.30M,287.20M,65.80M,388.10M,319.50M,302.00M,277.50M,346.60M,267.20M,357.20M,341.70M,417.60M,376.90M,354.70M,294.20M,133.80M,271.50M,363.90M,941.80M,1.073B,901.70M,1.072B,983.30M,996.10M,903.20M,1.080B,959.70M,1.068B,958.60M,989.80M,897.80M,1.012B,841.90M,953.50M,842.30M,895.40M,777.50M,890.40M,778.80M,899.00M,699.70M,851.30M,737.60M,839.30M,735.20M,869.50M,704.30M,806.80M,685.20M,894.60M,727.00M,750.90M,683.50M,852.30M,704.10M,755.60M,703.20M,818.00M
Non-Operating Interest Expense,,,,,,,,,,,,,,,,,,,,,,,,,,,,,,,,,,182.00M,182.00M,181.00M,,175.00M,275.00M,183.00M,176.00M,188.00M,180.00M,187.00M,,,,,,,,,,,,,,,,,,,,,,,,,,,,,,,,,,,,,,,,,,,,,,,,,,,,,,,,,,,,,,,,,,,,,,,,,,,,,,,,,,,,,,,,,,,,,,,,,,,,
Net Non-Operating Interest Income Expense,-395.00M,-409.00M,-409.00M,-403.00M,-416.00M,-393.00M,-373.00M,-371.00M,-366.00M,-386.00M,-436.00M,-373.00M,-357.00M,-516.00M,-376.00M,-287.00M,-278.00M,-253.00M,-155.00M,-345.00M,-343.00M,-258.00M,-238.00M,-227.00M,-246.00M,-234.00M,-252.00M,-623.00M,-231.00M,-246.00M,-256.00M,-195.00M,-181.00M,-182.00M,-182.00M,-181.00M,-183.00M,-175.00M,-275.00M,-183.00M,-176.00M,-188.00M,-180.00M,-187.00M,,,,,,,,,,,,,,,,,,,,,,,,,,,,,,,,,,,,,,,,,,,,,,,,,,,,,,,,,,,,,,,,,,,,,,,,,,,,,,,,,,,,,,,,,,,,,,,,,,,,
Other Income and Expenses,403.00M,141.00M,245.00M,470.00M,-323.00M,189.00M,48.00M,28.00M,516.00M,216.00M,178.00M,487.00M,-169.00M,121.00M,175.00M,123.00M,141.00M,-242.00M,-10.00M,81.00M,218.00M,355.00M,504.00M,84.00M,165.00M,192.00M,-38.00M,163.00M,71.00M,111.00M,-100.00M,172.00M,148.00M,-142.00M,101.00M,94.00M,134.00M,206.00M,-122.00M,93.00M,54.00M,140.00M,251.00M,-45.00M,-158.00M,-164.00M,-48.00M,-63.00M,244.00M,80.00M,,31.00M,-82.00M,101.00M,25.00M,6.00M,,-27.00M,37.00M,-6.00M,-43.00M,-144.00M,85.00M,8.00M,-106.00M,5.00M,15.00M,-135.00M,27.00M,107.00M,192.00M,30.00M,16.00M,1.00M,39.00M,73.00M,-66.00M,46.00M,6.00M,25.00M,18.00M,9.00M,11.00M,-36.00M,-45.20M,-12.10M,-26.90M,-12.80M,-51.70M,-5.20M,-6.70M,-2.40M,4.40M,-3.20M,-0.20M,-3.00M,-0.20M,-2.50M,0.60M,1.70M,0.50M,-1.50M,16.80M,7.30M,,,,,,,,,,,,,,,,,,,,,,,,,,,,,,,,,,,,,,,,
Net Interest Income,-395.00M,-409.00M,-409.00M,-403.00M,-416.00M,-393.00M,-373.00M,-371.00M,-366.00M,-386.00M,-436.00M,-373.00M,-357.00M,-516.00M,-376.00M,-287.00M,-278.00M,-253.00M,-155.00M,-345.00M,-343.00M,-258.00M,-238.00M,-227.00M,-246.00M,-234.00M,-252.00M,-623.00M,-231.00M,-246.00M,-256.00M,-195.00M,-181.00M,-182.00M,-182.00M,-181.00M,-183.00M,-175.00M,-275.00M,-183.00M,-176.00M,-188.00M,-180.00M,-187.00M,,,,,,,,,,,,,,,,,,,,,,,,,,,,,,,,,,,,,,,,,,,,,,,,,,,,,,,,,,,,,,,,,,,,,,,,,,,,,,,,,,,,,,,,,,,,,,,,,,,,
Pre-Tax Income,957.00M,1.102B,644.00M,1.282B,-38.00M,947.00M,613.00M,702.00M,1.221B,1.323B,41.00M,1.192B,376.00M,871.00M,415.00M,310.00M,563.00M,703.00M,962.00M,1.101B,115.00M,1.496B,834.00M,39.00M,805.00M,1.175B,736.00M,57.00M,566.00M,458.00M,415.00M,358.00M,1.03B,857.00M,953.00M,1.115B,891.00M,1.397B,621.00M,1.312B,954.00M,1.355B,1.087B,1.023B,981.00M,1.046B,1.168B,839.00M,902.00M,1.238B,1.017B,1.015B,870.00M,321.00M,1.004B,600.00M,-631.00M,1.068B,724.00M,734.00M,445.00M,856.00M,726.00M,556.00M,504.00M,-214.00M,594.00M,397.00M,671.00M,848.00M,764.00M,386.00M,527.00M,619.00M,542.00M,659.00M,65.00M,374.00M,194.00M,268.00M,194.00M,368.00M,144.00M,259.00M,-36.50M,448.30M,245.90M,182.30M,-83.70M,286.00M,222.40M,204.70M,187.20M,246.00M,170.50M,253.60M,239.30M,310.60M,271.80M,251.30M,188.80M,28.00M,193.20M,266.00M,,,,,,,,,,,,,,,,,,,,,,,,,,,,,,,,,,,,,,,,
Provision for Income Taxes,148.00M,172.00M,144.00M,310.00M,-144.00M,137.00M,66.00M,59.00M,-727.00M,451.00M,-62.00M,211.00M,128.00M,340.00M,102.00M,184.00M,268.00M,115.00M,327.00M,363.00M,20.00M,422.00M,277.00M,-54.00M,311.00M,439.00M,239.00M,56.00M,182.00M,161.00M,126.00M,158.00M,423.00M,255.00M,332.00M,446.00M,367.00M,552.00M,176.00M,563.00M,373.00M,598.00M,430.00M,311.00M,295.00M,346.00M,419.00M,258.00M,339.00M,459.00M,314.00M,334.00M,277.00M,366.00M,363.00M,201.00M,165.00M,344.00M,207.00M,227.00M,52.00M,279.00M,223.00M,159.00M,131.00M,-112.00M,222.00M,148.00M,274.00M,297.00M,279.00M,148.00M,189.00M,243.00M,227.00M,272.00M,23.00M,141.00M,75.00M,101.00M,71.00M,137.00M,47.00M,103.00M,-17.70M,174.60M,94.40M,68.70M,-26.50M,128.00M,99.60M,91.70M,68.90M,96.20M,71.70M,103.30M,119.50M,126.30M,118.20M,99.30M,59.70M,5.80M,77.20M,106.60M,,,,,,,,,,,,,,,,,,,,,,,,,,,,,,,,,,,,,,,,
Income from Continuing Operations,808.00M,760.00M,494.00M,966.00M,100.00M,800.00M,542.00M,636.00M,1.941B,865.00M,94.00M,971.00M,240.00M,526.00M,306.00M,123.00M,291.00M,587.00M,633.00M,738.00M,95.00M,1.074B,557.00M,93.00M,494.00M,736.00M,497.00M,1.00M,384.00M,297.00M,289.00M,200.00M,607.00M,602.00M,621.00M,669.00M,524.00M,845.00M,445.00M,749.00M,581.00M,757.00M,657.00M,712.00M,686.00M,700.00M,749.00M,581.00M,563.00M,779.00M,703.00M,681.00M,593.00M,-45.00M,641.00M,399.00M,-796.00M,724.00M,517.00M,507.00M,393.00M,577.00M,503.00M,397.00M,373.00M,-102.00M,372.00M,249.00M,397.00M,551.00M,485.00M,238.00M,338.00M,376.00M,315.00M,387.00M,42.00M,233.00M,119.00M,167.00M,123.00M,231.00M,97.00M,156.00M,-18.80M,273.70M,151.50M,113.60M,-57.20M,158.00M,122.80M,113.00M,118.30M,149.80M,98.80M,150.30M,119.80M,184.30M,153.60M,152.00M,129.10M,22.20M,116.00M,159.40M,138.90M,181.70M,107.70M,162.40M,153.80M,142.30M,94.30M,88.40M,92.40M,173.40M,125.00M,143.80M,29.50M,15.90M,120.40M,-60.00M,132.60M,205.50M,108.90M,143.30M,97.70M,196.90M,110.10M,161.40M,122.70M,141.30M,109.60M,167.00M,102.50M,168.70M,128.20M,166.30M,131.10M,124.20M,118.90M,151.20M,117.10M,132.30M,108.20M,134.80M
Income from Discontinued Operations,,,,,,,,,,,,,,,,,,,,,,,,,,,,,,,,,,,,,,,,,,,,,21.00M,,-1.00M,,0.00,1.00M,-1.00M,10.00M,-1.00M,1.00M,3.00M,1.00M,1.00M,1.00M,-2.00M,14.00M,-30.00M,,18.00M,-17.00M,,,,,,,,,,,,,,,,,,,,,,,,,,,,,,,,,,,,,,,,,,,,,,,,,,,,,,,,,,,,,,,,,0.00,,-0.70M,2.50M,,,,,,,,,,,,
"Extraordinary Items, Income Statement",,,,,,,,,,,,,,,,,,,,,,,,,,,,,,,,,,,,,,,,,,,,,,,,,,,,,,,,,,,,,0.00,-9.00M,,32.00M,0.00,,,112.00M,0.00,,,-230.00M,0.00,,,12.00M,0.00,,,24.00M,,,,,,,,,,,,,,,,,,,,,,,,,,,,,,,,,,,,,,,,,,,,,,,,,,,,,,,,,,,,,,,,
Income Attributable to Minority Interest,-36.00M,12.00M,-10.00M,-59.00M,47.00M,-67.00M,-3.00M,-51.00M,-69.00M,-42.00M,1.00M,19.00M,-49.00M,-36.00M,-39.00M,50.00M,,42.00M,5.00M,-45.00M,-76.00M,-81.00M,-35.00M,-3.00M,1.00M,2.00M,-7.00M,-5.00M,-6.00M,-1.00M,-3.00M,0.00,-1.00M,-1.00M,-1.00M,-1.00M,,,,,,,,,,,,,,,,,,,,,,,,,3.00M,3.00M,-1.00M,,28.00M,-8.00M,-1.00M,,,,,,,,,,,,,,,-4.00M,-8.00M,,,,,,,,,,,,,,,,,,,,,,,,,,,,,,,,,,,,,,,,,,,,,,,,,,,,,,,,,,,,,
Preferred Stock Dividend,,,,,,,,,,,,,,,,,,,,,,,,,,,,,,,,,,,,,,,,,,,,,,,,,,,,,,,,,,,1.00M,,,,,,,,,,,,,,,,,,,,,,3.00M,3.00M,4.00M,3.00M,3.20M,3.20M,3.30M,3.30M,3.30M,4.50M,4.50M,4.50M,4.50M,4.50M,4.50M,4.50M,5.00M,6.10M,6.00M,6.10M,6.10M,9.60M,10.80M,10.80M,,,,,,,,,,,,,,,,,,,,,,,,,,,,,,,,,,,,,,,,
Net Income,772.00M,772.00M,484.00M,907.00M,147.00M,733.00M,539.00M,585.00M,1.872B,823.00M,95.00M,990.00M,191.00M,490.00M,267.00M,173.00M,310.00M,629.00M,638.00M,693.00M,19.00M,993.00M,522.00M,90.00M,495.00M,738.00M,490.00M,-4.00M,378.00M,296.00M,286.00M,200.00M,606.00M,601.00M,620.00M,668.00M,524.00M,845.00M,445.00M,749.00M,581.00M,757.00M,657.00M,712.00M,707.00M,700.00M,748.00M,581.00M,563.00M,780.00M,702.00M,691.00M,592.00M,-44.00M,644.00M,400.00M,-837.00M,725.00M,515.00M,521.00M,363.00M,568.00M,521.00M,412.00M,274.00M,-102.00M,372.00M,361.00M,397.00M,551.00M,485.00M,8.00M,338.00M,376.00M,315.00M,399.00M,46.00M,232.00M,116.00M,191.00M,113.00M,231.00M,70.00M,156.00M,-38.80M,273.70M,151.50M,113.60M,-1.891B,158.00M,122.80M,113.00M,118.30M,149.80M,98.80M,150.30M,119.80M,184.30M,153.60M,152.00M,129.10M,22.20M,116.00M,159.40M,138.90M,181.70M,107.70M,162.40M,153.80M,142.30M,94.30M,88.40M,92.40M,173.40M,125.00M,143.80M,29.50M,15.90M,120.40M,-60.00M,132.60M,205.50M,108.90M,143.30M,97.70M,196.90M,110.10M,161.40M,122.70M,141.30M,108.90M,169.50M,102.50M,168.70M,128.20M,166.30M,131.10M,124.20M,118.90M,151.20M,117.10M,132.30M,108.20M,134.80M
Normalized Income,761.01M,786.35M,458.38M,904.73M,146.27M,737.28M,535.43M,533.70M,1.745B,819.05M,94.40M,800.71M,249.70M,489.39M,243.63M,167.60M,305.20M,627.33M,633.38M,692.33M,-71.04M,749.60M,338.97M,86.75M,495.00M,738.00M,490.00M,-4.00M,378.00M,296.00M,286.00M,200.00M,606.00M,700.75M,554.19M,611.60M,524.00M,720.40M,532.42M,688.55M,544.46M,660.80M,501.67M,737.75M,778.31M,809.75M,779.78M,624.63M,344.54M,728.66M,703.00M,660.20M,648.89M,-105.60M,625.04M,395.01M,-796.00M,742.30M,490.58M,511.14M,430.98M,674.07M,444.11M,391.29M,451.45M,-105.00M,362.61M,333.67M,380.80M,481.48M,363.12M,219.50M,327.74M,375.39M,291.60M,343.20M,84.65M,204.34M,115.32M,151.42M,111.59M,225.35M,89.59M,177.68M,8.32M,281.09M,168.07M,121.58M,-21.87M,161.12M,126.82M,114.44M,115.52M,151.75M,98.92M,152.10M,119.92M,185.80M,153.24M,150.97M,128.76M,23.39M,105.91M,155.02M,138.90M,181.70M,107.70M,162.40M,153.80M,142.30M,94.30M,88.40M,92.40M,173.40M,125.00M,143.80M,29.50M,15.90M,120.40M,-60.00M,,,,,,,,,,,,,,,,,,,,,,,,
EBITDA,2.336B,2.841B,2.27B,2.675B,2.161B,2.662B,2.437B,2.546B,2.499B,2.901B,1.616B,2.352B,2.469B,2.879B,1.949B,1.537B,1.757B,2.171B,2.136B,2.313B,1.252B,2.33B,1.585B,1.09B,1.821B,2.089B,1.981B,1.534B,1.896B,1.607B,1.89B,1.157B,1.623B,1.627B,1.697B,1.848B,1.45B,2.372B,1.633B,2.213B,1.796B,2.225B,1.898B,1.832B,1.483B,2.698B,1.832B,1.675B,1.789B,1.928B,1.764B,1.724B,1.659B,999.00M,1.738B,1.342B,74.00M,1.828B,1.38B,1.409B,1.161B,2.442B,1.164B,1.216B,1.222B,450.00M,1.223B,1.18B,1.299B,1.436B,1.234B,1.032B,1.122B,1.454B,1.241B,1.379B,693.00M,553.00M,430.00M,459.00M,415.00M,564.00M,325.00M,446.00M,208.10M,720.00M,538.40M,453.60M,256.60M,554.80M,497.30M,451.90M,528.50M,460.30M,403.80M,490.90M,525.80M,531.10M,508.70M,482.30M,425.70M,265.00M,401.50M,488.90M,941.80M,1.073B,901.70M,1.072B,983.30M,996.10M,903.20M,1.080B,959.70M,1.068B,958.60M,989.80M,897.80M,1.012B,841.90M,953.50M,842.30M,895.40M,777.50M,890.40M,778.80M,899.00M,699.70M,851.30M,737.60M,839.30M,735.20M,869.50M,704.30M,806.80M,685.20M,894.60M,727.00M,750.90M,683.50M,852.30M,704.10M,755.60M,703.20M,818.00M
Reconciled Depreciation,1.387B,1.471B,1.462B,1.46B,1.46B,1.511B,1.499B,1.501B,1.428B,1.408B,1.317B,1.274B,1.567B,1.613B,1.333B,1.063B,1.057B,973.00M,1.009B,948.00M,1.012B,931.00M,1.017B,908.00M,935.00M,872.00M,955.00M,1.017B,1.17B,1.014B,1.119B,776.00M,614.00M,588.00M,562.00M,552.00M,688.00M,800.00M,737.00M,718.00M,666.00M,682.00M,631.00M,622.00M,583.00M,1.285B,-112.00M,552.00M,540.00M,577.00M,533.00M,533.00M,511.00M,561.00M,536.00M,524.00M,490.00M,516.00M,483.00M,478.00M,484.00M,1.244B,-240.00M,445.00M,428.00M,444.00M,423.00M,423.00M,417.00M,436.00M,421.00M,427.00M,353.00M,542.00M,449.00M,490.00M,272.00M,107.00M,121.00M,107.00M,123.00M,93.00M,72.00M,70.00M,,,,,,,,,,,,,184.10M,,,,,,,,,,,,,,,,,,,,,,,,,,,,,,,,,,,,,,,,,,,,,,,
EBIT,949.00M,1.37B,808.00M,1.215B,701.00M,1.151B,938.00M,1.045B,1.071B,1.493B,299.00M,1.078B,902.00M,1.266B,616.00M,474.00M,700.00M,1.198B,1.127B,1.365B,240.00M,1.399B,568.00M,182.00M,886.00M,1.217B,1.026B,517.00M,726.00M,593.00M,771.00M,381.00M,1.009B,1.039B,1.135B,1.296B,762.00M,1.572B,896.00M,1.495B,1.13B,1.543B,1.267B,1.21B,900.00M,1.413B,1.43B,1.123B,1.249B,1.351B,1.231B,1.191B,1.148B,438.00M,1.202B,818.00M,-416.00M,1.312B,897.00M,931.00M,677.00M,1.198B,853.00M,771.00M,794.00M,6.00M,800.00M,757.00M,882.00M,1.00B,813.00M,605.00M,769.00M,912.00M,792.00M,889.00M,421.00M,446.00M,309.00M,352.00M,292.00M,471.00M,253.00M,376.00M,65.70M,548.80M,366.30M,287.20M,65.80M,388.10M,319.50M,302.00M,277.50M,346.60M,267.20M,357.20M,341.70M,417.60M,376.90M,354.70M,294.20M,133.80M,271.50M,363.90M,941.80M,1.073B,901.70M,1.072B,983.30M,996.10M,903.20M,1.080B,959.70M,1.068B,958.60M,989.80M,897.80M,1.012B,841.90M,953.50M,842.30M,895.40M,777.50M,890.40M,778.80M,899.00M,699.70M,851.30M,737.60M,839.30M,735.20M,869.50M,704.30M,806.80M,685.20M,894.60M,727.00M,750.90M,683.50M,852.30M,704.10M,755.60M,703.20M,818.00M
EPS Basic from Continuing Operations,0.79,0.79,0.50,0.93,0.16,0.76,0.56,0.61,1.94,0.86,0.10,1.07,0.22,0.53,0.29,0.19,0.34,0.69,0.74,0.80,0.02,1.15,0.61,0.10,0.58,0.86,0.57,-0.01,0.45,0.35,0.34,0.28,0.91,0.91,0.93,1.01,0.80,1.28,0.67,1.13,0.88,1.15,1.00,1.08,1.04,1.06,1.14,0.88,0.85,1.16,1.04,1.01,0.88,-0.07,0.96,0.60,-1.19,1.08,0.77,0.76,0.60,0.87,0.76,0.60,0.5598,-0.16,0.57,0.385,0.6076,0.855,0.75,0.37,0.5256,0.585,0.49,0.605,-0.6071,0.685,0.345,0.46,0.40,0.61,0.22,0.345,-0.02,0.605,0.33,0.25,-0.135,0.345,0.265,0.245,0.255,0.325,0.215,0.325,0.255,0.40,0.335,0.33,0.28,0.03,0.24,0.335,0.29,0.385,0.215,0.34,0.315,0.295,0.175,0.165,0.175,0.36,0.25,0.29,0.025,-0.02,0.225,-0.20,,0.435,0.205,0.285,,0.425,0.215,0.35,,0.305,0.225,0.38,,0.395,0.29,0.405,,0.295,0.285,0.395,,0.365,0.29,0.405
EPS Basic from Discontinued Operations,,,,,,,,,,,,,,,,,,,,,,,,,,,,,,,,,,0.00,0.00,0.00,,0.00,0.00,0.00,0.00,0.00,0.00,0.00,0.03,0.00,0.00,0.00,0.00,0.00,0.00,0.01,0.00,0.00,0.00,0.00,0.00,0.00,0.00,0.02,-0.04,0.00,0.03,-0.02,-0.3209,0.00,0.00,0.17,,0.00,0.00,-0.36,,0.00,0.00,0.02,,0.00,-0.01,0.065,-0.03,0.00,-0.07,0.00,-0.045,0.00,0.00,0.00,-4.12,0.00,0.00,0.00,0.00,0.00,0.00,0.00,0.00,0.00,0.00,0.00,0.00,0.00,0.00,0.00,0.00,0.00,0.00,0.00,0.00,0.00,0.00,0.00,0.00,0.00,0.00,0.00,0.00,0.00,0.00,0.00,,0.00,0.00,0.00,,0.00,0.00,0.00,,0.00,0.00,0.005,,0.00,0.00,0.00,,0.00,0.00,0.00,,0.00,0.00,0.00
EPS Basic from Extraordinaries,,,,,,,,,,,,,,,,,,,,,,,,,,,,,,,,,,,,,,,,,,,,,,,,,,,,,,,,,,,,,0.00,0.00,,0.00,0.00,,,0.00,0.00,,,0.00,0.00,,,0.00,0.00,,,0.00,,,,,,,,,,,,,,,,,,,,,,,,,,,,,,,,,,,,,,,,,,,,,,,,,,,,,,,,,,,,,,,,
EPS Basic from Tax Loss Carryforward,,,,,,,,,,,,,,,,,,,,,,,,,,,,,,,,,,,,,,,,,,,,,,,,,,,,,,,,,,,,,,,,,,,,,,,,,,,,,,-0.0029,-0.0086,,-0.0290,,-0.0614,,,,,,,,,,,,,,,,,,,,,,,,,,,,,,,,,,,,,,,,,,,,,,,,,,,,,,,,,,,,,
Normalized Basic EPS,0.7787,0.8047,0.4736,0.9277,0.1592,0.7644,0.5563,0.5569,1.808,0.8559,0.0994,0.8660,0.2835,0.5293,0.2647,0.1842,0.3348,0.6882,0.7346,0.7992,-0.0847,0.8673,0.3972,0.0962,0.58,0.86,0.57,-0.01,0.45,0.35,0.34,0.28,0.91,1.060,0.8307,0.9248,0.80,1.092,0.8023,1.039,0.8246,1.004,0.7643,1.119,1.180,1.227,1.187,0.9462,0.5195,1.085,1.04,0.9790,0.9626,-0.1603,0.9362,0.5940,-1.19,1.107,0.7306,0.7662,0.6572,1.017,0.6709,0.5913,0.6804,-0.1646,0.5555,0.5157,0.5825,0.7474,0.5607,0.3412,0.5095,0.5841,0.4536,0.5366,-0.4852,0.6007,0.3344,0.4170,0.3653,0.5949,0.2032,0.3936,0.0478,0.6215,0.3669,0.2681,-0.0559,0.3520,0.2740,0.2483,0.2488,0.3294,0.2153,0.3290,0.2553,0.4034,0.3342,0.3277,0.2792,0.0328,0.2170,0.3251,0.29,0.385,0.215,0.34,0.315,0.295,0.175,0.165,0.175,0.36,0.25,0.29,0.025,-0.02,0.225,-0.20,,0.435,0.205,0.285,,0.425,0.215,0.35,,0.305,0.225,0.38,,0.395,0.29,0.405,,0.295,0.285,0.395,,0.365,0.29,0.405
EPS Basic,0.79,0.79,0.50,0.93,0.16,0.76,0.56,0.61,1.94,0.86,0.10,1.07,0.22,0.53,0.29,0.19,0.34,0.69,0.74,0.80,0.02,1.15,0.61,0.10,0.58,0.86,0.57,-0.01,0.45,0.35,0.34,0.28,0.91,0.91,0.93,1.01,0.80,1.28,0.67,1.13,0.88,1.15,1.00,1.08,1.07,1.06,1.14,0.88,0.85,1.16,1.04,1.02,0.88,-0.07,0.96,0.60,-1.25,1.08,0.77,0.78,0.55,0.86,0.79,0.63,0.4096,-0.16,0.57,0.555,0.6069,0.855,0.75,0.01,0.5243,0.585,0.49,0.625,-0.6296,0.685,0.335,0.525,0.37,0.61,0.15,0.345,-0.065,0.605,0.33,0.25,-4.255,0.345,0.265,0.245,0.255,0.325,0.215,0.325,0.255,0.40,0.335,0.33,0.28,0.03,0.24,0.335,0.29,0.385,0.215,0.34,0.315,0.295,0.175,0.165,0.175,0.36,0.25,0.29,0.025,-0.02,0.225,-0.20,,0.435,0.205,0.285,,0.425,0.215,0.35,,0.305,0.225,0.385,,0.395,0.29,0.405,,0.295,0.285,0.395,,0.365,0.29,0.405
EPS Diluted from Continuing Operations,0.79,0.79,0.50,0.93,0.16,0.76,0.56,0.60,1.94,0.85,0.10,1.06,0.22,0.53,0.29,0.19,0.33,0.69,0.74,0.80,0.02,1.15,0.60,0.10,0.58,0.86,0.57,-0.01,0.45,0.35,0.33,0.28,0.91,0.90,0.93,1.01,0.79,1.27,0.67,1.13,0.88,1.14,0.99,1.08,1.04,1.06,1.13,0.88,0.85,1.15,1.03,1.01,0.87,-0.07,0.95,0.59,-1.19,1.07,0.76,0.75,0.58,0.86,0.75,0.59,0.5598,-0.16,0.57,0.385,0.6076,0.85,0.75,0.365,0.5256,0.58,0.485,0.595,-0.6071,0.675,0.34,0.455,0.40,0.605,0.22,0.34,-0.02,0.60,0.33,0.25,-0.135,0.345,0.265,0.245,0.255,0.325,0.215,0.325,0.255,0.40,0.335,0.33,0.28,0.03,0.24,0.335,0.29,0.385,0.215,0.34,0.315,0.295,0.175,0.165,0.175,0.36,0.25,0.29,0.025,-0.02,0.225,-0.20,,0.435,0.205,0.285,,0.425,0.215,0.35,,0.305,0.225,0.38,,0.395,0.29,0.405,,0.295,0.285,0.395,,0.365,0.29,0.405
EPS Diluted from Discontinued Operations,,,,,,,,,,,,,,,,,,,,,,,,,,,,,,,,,,0.00,0.00,0.00,,0.00,0.00,0.00,0.00,0.00,0.00,0.00,0.03,0.00,0.00,0.00,0.00,0.00,0.00,0.01,0.00,0.00,0.00,0.00,0.00,0.00,0.00,0.02,-0.04,0.00,0.03,-0.02,-0.3209,0.00,0.00,0.17,0.325,0.00,0.00,-0.36,-0.07,0.00,0.00,0.02,0.00,0.00,-0.01,0.065,-0.03,0.00,-0.07,0.00,-0.045,0.00,0.00,0.00,-4.12,0.00,0.00,0.00,0.00,0.00,0.00,0.00,0.00,0.00,0.00,0.00,0.00,0.00,0.00,0.00,0.00,0.00,0.00,0.00,0.00,0.00,0.00,0.00,0.00,0.00,0.00,0.00,0.00,0.00,0.00,0.00,,0.00,0.00,0.00,,0.00,0.00,0.00,,0.00,0.00,0.005,,0.00,0.00,0.00,,0.00,0.00,0.00,,0.00,0.00,0.00
EPS Diluted from Extraordinaries,,,,,,,,,,,,,,,,,,,,,,,,,,,,,,,,,,,,,,,,,,,,,,,,,,,,,,,,,,,,,-0.0001,-0.0136,,0.0481,-0.0016,,,0.1718,0.0014,,,-0.3583,-0.0001,,,0.0185,-0.0311,,,0.0656,,,,,,,,,,,,,,,,,,,,,,,,,,,,,,,,,,,,,,,,,,,,,,,,,,,,,,,,,,,,,,,,
EPS Diluted from Tax Loss Carryforward,,,,,,,,,,,,,,,,,,,,,,,,,,,,,,,,,,,,,,,,,,,,,,,,,,,,,,,,,,,,,,,,,,,,,,,,,,,,,,-0.0029,-0.0086,,-0.0304,,-0.0614,,,,,,,,,,,,,,,,,,,,,,,,,,,,,,,,,,,,,,,,,,,,,,,,,,,,,,,,,,,,,
Normalized Diluted EPS,0.7788,0.8047,0.4737,0.9277,0.1592,0.7644,0.5563,0.5470,1.808,0.8459,0.0994,0.8565,0.2831,0.5293,0.2648,0.1842,0.3248,0.6882,0.7347,0.7992,-0.0839,0.8680,0.3882,0.0962,0.58,0.86,0.57,-0.01,0.45,0.35,0.33,0.28,0.91,1.050,0.8309,0.9251,0.79,1.082,0.8021,1.039,0.8251,0.9947,0.755,1.119,1.180,1.226,1.176,0.9457,0.5225,1.076,1.03,0.9793,0.9520,-0.1603,0.9264,0.5841,-1.19,1.097,0.7210,0.7561,0.6360,1.005,0.6617,0.5814,0.6781,-0.1646,0.5557,0.5149,0.5828,0.7427,0.5619,0.3364,0.5096,0.5791,0.4489,0.5274,-0.5330,0.5917,0.3295,0.4124,0.3653,0.5900,0.2032,0.3882,0.0474,0.6164,0.3669,0.2681,-0.0559,0.3520,0.2740,0.2483,0.2488,0.3294,0.2153,0.3290,0.2553,0.4034,0.3342,0.3277,0.2792,0.0328,0.2170,0.3251,0.29,0.385,0.215,0.34,0.315,0.295,0.175,0.165,0.175,0.36,0.25,0.29,0.025,-0.02,0.225,-0.20,,0.435,0.205,0.285,,0.425,0.215,0.35,,0.305,0.225,0.38,,0.395,0.29,0.405,,0.295,0.285,0.395,,0.365,0.29,0.405
EPS Diluted,0.79,0.79,0.50,0.93,0.16,0.76,0.56,0.60,1.94,0.85,0.10,1.06,0.22,0.53,0.29,0.19,0.33,0.69,0.74,0.80,0.02,1.15,0.60,0.10,0.58,0.86,0.57,-0.01,0.45,0.35,0.33,0.28,0.91,0.90,0.93,1.01,0.79,1.27,0.67,1.13,0.88,1.14,0.99,1.08,1.07,1.06,1.13,0.88,0.85,1.15,1.03,1.02,0.87,-0.07,0.95,0.59,-1.25,1.07,0.76,0.77,0.53,0.85,0.78,0.62,0.4096,-0.16,0.57,0.555,0.6069,0.85,0.75,0.01,0.5243,0.58,0.485,0.615,-0.6296,0.675,0.33,0.52,0.37,0.605,0.15,0.34,-0.065,0.60,0.33,0.25,-4.255,0.345,0.265,0.245,0.255,0.325,0.215,0.325,0.255,0.40,0.335,0.33,0.28,0.03,0.24,0.335,0.29,0.385,0.215,0.34,0.315,0.295,0.175,0.165,0.175,0.36,0.25,0.29,0.025,-0.02,0.225,-0.20,,0.435,0.205,0.285,,0.425,0.215,0.35,,0.305,0.225,0.385,,0.395,0.29,0.405,,0.295,0.285,0.395,,0.365,0.29,0.405
Average Basic Shares Outstanding,976.00M,973.00M,972.00M,971.00M,967.00M,968.00M,967.00M,966.00M,965.00M,962.00M,934.00M,928.00M,924.00M,925.00M,924.00M,923.00M,923.00M,913.00M,863.00M,862.00M,860.00M,861.00M,860.00M,858.00M,856.00M,857.00M,856.00M,855.00M,852.00M,854.00M,853.00M,705.00M,663.00M,663.00M,663.00M,662.00M,661.00M,662.00M,661.00M,661.00M,659.00M,660.00M,659.00M,659.00M,658.00M,658.00M,657.00M,659.00M,661.00M,673.00M,675.00M,672.00M,676.92M,671.00M,670.00M,669.00M,668.36M,670.00M,670.00M,666.00M,663.97M,661.00M,661.00M,659.00M,650.00M,652.00M,650.00M,648.00M,644.00M,646.00M,644.00M,642.00M,640.00M,642.00M,642.00M,640.00M,350.00M,340.00M,348.00M,362.00M,329.29M,373.77M,440.00M,446.00M,400.05M,447.11M,449.09M,441.20M,446.67M,444.93M,446.42M,442.86M,447.86M,445.00M,438.60M,448.62M,448.54M,445.50M,440.60M,442.12M,438.00M,420.00M,438.33M,443.58M,441.43M,440.78M,439.53M,439.12M,442.73M,436.27M,446.86M,436.36M,434.96M,436.11M,434.00M,437.93M,433.91M,385.00M,429.78M,420.00M,,,,,,,,,,,,,,,,,,,,,,,,
Average Diluted Shares Outstanding,977.00M,974.00M,974.00M,972.00M,969.00M,970.00M,969.00M,968.00M,967.00M,965.00M,936.00M,930.00M,930.00M,927.00M,926.00M,925.00M,923.00M,915.00M,866.00M,867.00M,867.00M,863.00M,864.00M,861.00M,860.00M,860.00M,860.00M,855.00M,858.00M,857.00M,856.00M,707.00M,668.00M,665.00M,664.00M,664.00M,666.00M,663.00M,662.00M,662.00M,665.00M,662.00M,661.00M,661.00M,659.00M,662.00M,662.00M,664.00M,667.00M,678.00M,680.00M,677.00M,681.79M,671.00M,676.00M,675.00M,686.71M,677.00M,677.00M,675.00M,678.01M,669.00M,667.00M,665.00M,663.00M,652.00M,655.00M,652.00M,652.00M,648.00M,648.00M,646.00M,642.00M,646.00M,648.00M,648.00M,576.00M,344.00M,350.00M,366.00M,329.29M,376.86M,440.00M,450.00M,402.17M,450.83M,449.09M,441.20M,446.67M,444.93M,446.42M,442.86M,447.86M,445.00M,438.60M,448.62M,448.54M,445.50M,440.60M,442.12M,438.00M,420.00M,438.33M,443.58M,441.43M,440.78M,439.53M,439.12M,442.73M,436.27M,446.86M,436.36M,434.96M,436.11M,434.00M,437.93M,433.91M,385.00M,429.78M,420.00M,,,,,,,,,,,,,,,,,,,,,,,,
Dividend Per Share,0.3625,0.3625,0.3625,0.3625,0.345,0.345,0.345,0.345,0.3275,0.3275,0.3275,0.3275,0.318,0.318,0.318,0.31,0.31,0.31,0.31,0.31,0.31,0.31,0.31,0.31,0.31,0.31,0.31,0.525,0.525,0.525,0.3792,0.6708,0.525,0.525,0.525,0.525,0.525,0.525,0.525,0.525,0.525,0.525,0.525,0.525,0.525,0.50,0.50,0.50,0.44,0.44,0.44,0.44,0.40,0.40,0.40,0.40,0.40,0.40,0.40,0.40,0.40,0.305,0.275,0.275,0.25,0.25,0.23,0.23,0.22,0.22,0.22,0.22,0.2113,0.2113,0.2113,0.2763,0.2041,0.125,0.125,0.125,0.125,0.125,0.125,0.125,0.125,0.125,0.125,0.125,0.225,0.225,0.225,0.225,0.2175,0.2175,0.2175,0.2175,0.2175,0.2025,0.2025,0.2025,0.2025,0.19,0.19,0.19,0.19,0.175,0.175,0.175,0.175,0.1625,0.1625,0.1625,0.1625,0.15,0.15,0.15,0.15,0.15,0.15,0.275,0.275,0.275,0.275,0.275,0.275,0.275,0.275,0.275,0.275,0.275,0.275,0.275,0.275,0.275,0.275,0.275,,,,,,,,
As Originally Reported,AOR,AOR,AOR,AOR,AOR,AOR,AOR,AOR,AOR,AOR,AOR,AOR,AOR,AOR,AOR,AOR,AOR,AOR,AOR,AOR,AOR,AOR,AOR,AOR,AOR,AOR,AOR,AOR,AOR,AOR,AOR,AOR,AOR,AOR,AOR,AOR,AOR,AOR,AOR,AOR,AOR,AOR,AOR,AOR,AOR,,,,,,,,,,,,,,,,,,,,,,,,,,,,,,,,,,,,,,,,,,,,,,,,,,,,,,,,,,,,,,,,,,,,,,,,,,,,,,,,,,,,,,,,,,,,,,,,,,,
Restated,,,,,Restated,Restated,Restated,Restated,Restated,Restated,Restated,Restated,Restated,Restated,Restated,Restated,Restated,Restated,Restated,Restated,Restated,Restated,Restated,Restated,Restated,Restated,Restated,Restated,Restated,Restated,Restated,Restated,Restated,Restated,Restated,Restated,Restated,,,Restated,Restated,Restated,Restated,Restated,Restated,,,,Restated,,,,,,,,,,,,,,,,,,,,,,,,,,,,,,,,,,,,,,,,,,,,,,,,,,,,,,,,,,,,,,,,,,,,,,,,,,,,,,,,,,,,,,,,,,,,,,,
