Income (Quarterly),2019-12,2019-09,2019-06,2019-03,2018-12,2018-09,2018-06,2018-03,2017-12,2017-09,2017-06,2017-03,2016-12,2016-09,2016-06,2016-03,2015-12,2015-09,2015-06,2015-03,2014-12,2014-09,2014-06,2014-03,2013-12,2013-09,2013-06,2013-03,2012-12,2012-09,2012-06,2012-03,2011-12,2011-09,2011-06,2011-03,2010-12,2010-09,2010-06,2010-03,2009-12,2009-09,2009-06,2009-03,2008-12,2008-09,2008-06,2008-03,2007-12,2007-09,2007-06,2007-03,2006-12,2006-09,2006-06,2006-03,2005-12,2005-09,2005-06,2005-03,2004-12,2004-09,2004-06,2004-03,2003-12,2003-09,2003-06,2003-03,2002-12,2002-09,2002-06,2002-03,2001-12,2001-09,2001-06,2001-03,2000-12,2000-09,2000-06,2000-03,1999-12,1999-09,1999-06,1999-03,1998-12,1998-09,1998-06,1998-03,1997-12,1997-09,1997-06,1997-03,1996-12,1996-09,1996-06,1996-03,1995-12,1995-09,1995-06,1995-03,1994-12,1994-09,1994-06,1994-03,1993-12,1993-09,1993-06,1993-03,1992-12,1992-09,1992-06,1992-03,1991-12,1991-09,1991-06,1991-03,1990-12,1990-09,1990-06,1990-03,1989-12,1989-09,1989-06,1989-03,1988-12,1988-09,1988-06,1988-03,1987-12,1987-09,1987-06,1987-03,1986-12,1986-09,1986-06,1986-03,1985-12,1985-09,1985-06,1985-03,1984-12,1984-09,1984-06,1984-03
Operating Revenue,756.98M,750.34M,646.11M,590.55M,476.07M,475.46M,426.77M,396.33M,-197.63M,511.19M,477.56M,509.04M,536.30M,486.28M,411.22M,429.09M,653.76M,665.59M,718.62M,749.15M,1.219B,1.431B,1.358B,1.281B,1.332B,1.366B,1.316B,1.299B,-3.371B,2.655B,7.147B,6.954B,-16.58B,7.194B,7.408B,6.266B,5.427B,5.211B,5.592B,5.229B,5.807B,5.202B,4.500B,3.416B,4.460B,8.185B,8.249B,6.467B,5.609B,4.773B,4.615B,3.428B,3.336B,4.153B,3.798B,2.987B,3.193B,3.311B,2.772B,2.404B,2.312B,2.262B,2.097B,1.628B,1.202B,1.295B,1.173B,1.322B,942.55M,1.048B,1.035B,755.21M,158.68M,1.112B,1.297B,1.186B,286.23M,1.232B,1.092B,1.019B,1.367B,632.40M,449.96M,302.90M,1.023B,432.20M,447.80M,439.70M,564.70M,555.20M,506.30M,507.20M,645.40M,477.90M,499.80M,421.40M,435.90M,420.30M,447.30M,407.80M,401.10M,492.80M,434.80M,409.50M,387.90M,420.00M,430.30M,398.50M,475.10M,404.80M,409.90M,366.00M,183.20M,469.60M,477.10M,470.90M,538.60M,577.50M,436.90M,459.60M,424.40M,406.80M,434.90M,386.60M,364.00M,381.80M,370.90M,356.90M,344.90M,427.20M,368.40M,333.50M,327.70M,327.60M,327.60M,327.60M,507.00M,576.00M,572.30M,495.60M,538.40M,560.50M,477.40M,548.20M
Revenue,756.98M,750.34M,646.11M,590.55M,476.07M,475.46M,426.77M,396.33M,-197.63M,511.19M,477.56M,509.04M,536.30M,486.28M,411.22M,429.09M,653.76M,665.59M,718.62M,749.15M,1.219B,1.431B,1.358B,1.281B,1.332B,1.366B,1.316B,1.299B,-3.371B,2.655B,7.147B,6.954B,-16.62B,7.220B,7.408B,6.266B,5.487B,5.200B,5.592B,5.180B,5.737B,5.184B,4.556B,3.446B,4.411B,8.167B,8.344B,6.510B,5.624B,4.773B,4.615B,3.428B,3.364B,4.153B,3.798B,2.991B,2.998B,3.317B,2.950B,2.415B,2.240B,2.293B,2.106B,1.648B,1.272B,1.295B,1.223B,1.322B,960.09M,1.048B,1.035B,755.21M,270.67M,1.115B,1.297B,1.189B,265.62M,1.247B,1.092B,1.021B,1.367B,632.40M,449.96M,302.90M,1.023B,432.20M,447.80M,439.70M,564.70M,555.20M,506.30M,507.20M,645.40M,477.90M,499.80M,421.40M,435.90M,420.30M,447.30M,407.80M,401.10M,492.80M,434.80M,409.50M,387.90M,420.00M,430.30M,398.50M,475.10M,404.80M,409.90M,366.00M,183.20M,469.60M,477.10M,470.90M,538.60M,577.50M,436.90M,459.60M,424.40M,406.80M,434.90M,386.60M,364.00M,381.80M,370.90M,356.90M,344.90M,427.20M,368.40M,333.50M,327.70M,327.60M,327.60M,327.60M,507.00M,576.00M,572.30M,495.60M,538.40M,560.50M,477.40M,548.20M
Cost of Goods Sold,517.29M,473.19M,401.43M,361.10M,304.63M,281.25M,271.99M,271.58M,-9.556M,356.39M,346.17M,358.30M,380.86M,375.56M,411.77M,445.25M,490.27M,617.53M,630.88M,713.45M,828.10M,764.67M,744.86M,658.50M,819.49M,653.19M,633.16M,700.36M,-2.944B,1.757B,5.941B,5.847B,-17.42B,6.326B,6.434B,5.421B,4.028B,4.490B,4.713B,4.445B,4.604B,4.552B,3.983B,3.030B,1.534B,7.013B,7.144B,5.614B,5.062B,4.272B,3.995B,3.069B,3.026B,3.594B,3.307B,2.600B,2.777B,2.790B,2.233B,2.063B,1.959B,1.977B,1.720B,1.396B,1.176B,1.079B,1.019B,1.083B,890.90M,901.14M,880.07M,654.70M,144.77M,956.26M,964.00M,951.17M,72.86M,1.015B,905.24M,869.47M,1.195B,473.70M,345.80M,243.70M,949.00M,345.60M,343.30M,344.80M,416.40M,409.20M,373.60M,360.70M,483.50M,378.40M,394.90M,314.30M,345.30M,342.40M,330.60M,311.80M,360.30M,356.20M,322.20M,285.60M,320.10M,327.00M,329.20M,315.00M,347.50M,362.30M,322.00M,295.70M,203.60M,343.50M,386.40M,347.70M,478.40M,407.60M,292.30M,330.40M,272.40M,304.70M,,,,,,,,,,,,,,,,,,,,,,
Gross Profit,239.69M,277.14M,244.68M,229.45M,171.44M,194.20M,154.78M,124.75M,-188.07M,154.80M,131.39M,150.74M,155.45M,110.71M,-0.552M,-16.16M,163.48M,48.06M,87.74M,35.70M,390.71M,666.34M,613.05M,622.70M,512.24M,713.24M,682.44M,598.56M,-427.49M,898.12M,1.206B,1.107B,798.82M,894.33M,973.41M,844.93M,1.459B,709.86M,878.52M,735.59M,1.132B,631.52M,572.48M,416.04M,2.877B,1.155B,1.200B,895.45M,561.76M,501.46M,619.78M,358.38M,337.43M,559.38M,491.26M,391.74M,221.35M,526.55M,716.69M,351.39M,280.80M,316.05M,385.36M,251.63M,95.61M,216.15M,204.00M,239.46M,69.19M,146.64M,154.81M,100.50M,125.90M,158.67M,333.03M,238.21M,192.76M,231.83M,187.16M,151.04M,172.00M,158.70M,104.16M,59.20M,73.80M,86.60M,104.50M,94.90M,148.30M,146.00M,132.70M,146.50M,161.90M,99.50M,104.90M,107.10M,90.60M,77.90M,116.70M,96.00M,40.80M,136.60M,112.60M,123.90M,67.80M,93.00M,101.10M,83.50M,127.60M,42.50M,87.90M,70.30M,-20.40M,126.10M,90.70M,123.20M,60.20M,169.90M,144.60M,129.20M,152.00M,102.10M,,,,,,,,,,,,,,,,,,,,,,
SG&A Expense,56.48M,55.37M,57.53M,63.36M,40.12M,60.68M,56.30M,48.10M,51.95M,51.37M,52.81M,51.26M,50.13M,55.52M,67.11M,73.51M,68.73M,71.79M,79.18M,86.97M,94.02M,82.96M,95.00M,92.03M,111.46M,99.33M,86.90M,81.47M,52.52M,66.14M,87.62M,88.16M,-9.518M,72.86M,77.53M,69.66M,67.06M,63.89M,68.85M,65.13M,30.73M,58.01M,96.69M,63.08M,42.42M,61.64M,60.50M,63.93M,55.99M,65.59M,54.73M,52.99M,89.38M,52.24M,46.55M,40.38M,6.98M,75.14M,40.46M,36.30M,34.83M,33.62M,33.19M,30.68M,27.92M,31.86M,27.19M,30.82M,23.75M,23.17M,23.13M,22.36M,26.11M,25.70M,24.98M,21.05M,23.87M,22.96M,20.78M,17.86M,29.30M,19.00M,16.90M,16.50M,12.40M,15.40M,16.90M,16.80M,13.10M,23.80M,38.00M,42.90M,-23.20M,35.20M,29.20M,27.10M,16.50M,16.30M,17.20M,17.60M,-14.80M,27.20M,25.60M,28.60M,15.70M,16.50M,16.80M,16.20M,18.70M,18.50M,37.20M,17.20M,3.40M,23.10M,151.60M,22.90M,91.00M,22.30M,20.10M,20.60M,70.40M,20.40M,,,,,,,,,,,,,,,,,,,,,,
Income Statement Depreciation,,,,,,,,,,,,,,,,,,,,,,,,,,,,,,,,,,,,,,,,,,,,,,,,,,,,,,,,,,,,,,,,,,,,,,,,,56.04M,58.09M,58.26M,54.23M,,,,,,,,,,,,,,,,,,,,,,,,,,,,,,,,,,,,,,,,,,,,,,,,,,,,,,,,,,,,,,,,,,,,
Amortization Expense,,,,,,,,,,,,,,,,,,,,,,,,,,,,,,,,,,,,,,,,,,,,,,,,,,,,,,,,,,,,,,,,,,,,,,,,,0.765M,0.782M,0.785M,0.788M,,,,,,,,,,,,,,,,,,,,,,,,,,,,,,,,,,,,,,,,,,,,,,,,,,,,,,,,,,,,,,,,,,,,
Special Income and Charges,2.515M,3.493M,5.019M,0.454M,-19.81M,17.28M,0.437M,7.963M,-0.822M,0.70M,3.858M,130.53M,-30.44M,-0.73M,3.809M,-95.07M,-192.21M,-2.301B,18.25M,135.88M,92.72M,-0.133M,,0.019M,0.175M,-0.038M,-21.59M,,-199.86M,-0.12M,0.035M,0.09M,-340.11M,0.00,0.00,5.351M,-17.70M,0.00,-5.346M,-5.516M,-69.60M,-6.717M,-6.164M,,,,,,-16.96M,-8.17M,-88.56M,-6.571M,-3.696M,-59.55M,-91.36M,-77.71M,-81.81M,3.976M,166.63M,-2.328M,-16.14M,36.52M,-0.874M,26.70M,21.38M,-3.031M,46.78M,,-52.42M,-18.31M,4.571M,,,,,,-9.828M,-41.99M,,,0.00,,,-3.00M,,,,1.10M,-55.40M,1.10M,1.40M,1.10M,-65.90M,49.40M,18.60M,15.90M,-223.60M,2.90M,1.70M,13.40M,,,,,,,,,-20.60M,20.80M,29.40M,0.60M,87.50M,0.60M,0.50M,0.60M,123.20M,1.20M,1.10M,0.90M,28.00M,0.60M,,,,,,,,,,,,,,,,,,,,,,
Non Income Taxes,10.99M,13.80M,13.07M,10.10M,11.97M,15.07M,12.88M,12.16M,10.85M,10.82M,10.74M,11.21M,8.158M,9.592M,13.44M,12.64M,11.70M,14.26M,19.04M,20.79M,23.42M,28.57M,28.89M,26.33M,29.54M,22.39M,20.33M,15.06M,,,,,,,,,,,,,,,,,,,,,,,,,,,,,,,,,,,,,,,,,,,,,,,,,,,,,,,,,,,,,,,,,,,,,,,,,,,,,,,,,,,,,,,,,,,,,,,,,,,,,,,,,,,,,,,,,,,,
Operating Interest Expense,74.18M,44.93M,54.10M,46.07M,47.28M,44.21M,44.32M,44.54M,39.84M,48.68M,45.14M,44.60M,44.28M,39.22M,34.45M,30.22M,30.50M,30.14M,28.64M,28.08M,33.44M,29.65M,28.72M,24.02M,22.62M,20.52M,15.12M,13.64M,6.014M,1.48M,2.122M,5.316M,10.60M,14.85M,9.961M,5.286M,4.344M,8.043M,10.20M,12.14M,-39.98M,16.75M,25.31M,11.99M,45.74M,16.62M,15.56M,14.20M,,,,,,,,,,,,,,,,,,,,,,,,,,,,,,,,,,,,,,,,,,,,,,,,,,,,,,,,,,,,,,,,,,,,,,,,,,,,,,,,,,,,,,,,,,,,,,,,
Operating Interest Income,-4.386M,-4.418M,-8.968M,-4.748M,8.487M,-4.583M,-0.717M,4.587M,28.04M,-53.02M,-38.30M,-15.02M,5.356M,14.99M,22.44M,1.179M,4.366M,49.30M,1.423M,36.72M,44.78M,2.163M,-8.884M,5.173M,15.77M,53.10M,16.39M,-7.99M,5.566M,-8.508M,10.84M,2.985M,,,8.272M,5.611M,,,0.00,0.00,,,,39.43M,,7.292M,3.151M,0.471M,,,,,,,,,,,,,,,,,,,,,,,,,,,,,,,,,,,,,,,,,,,,,,,,,,,,,,,,,,,,,,,,,,,,,,,,,,,,,,,,,,,,,,,,,,,,,,,,
Net Operating Interest Income,-78.57M,-49.35M,-63.06M,-50.82M,-38.80M,-48.79M,-45.04M,-39.95M,-11.80M,-101.70M,-83.45M,-59.62M,-38.92M,-24.23M,-12.01M,-29.04M,-26.14M,19.16M,-27.22M,8.635M,11.34M,-27.48M,-37.60M,-18.84M,-6.853M,32.58M,1.271M,-21.63M,-0.448M,-9.988M,8.72M,-2.331M,22.42M,-14.85M,-1.689M,0.325M,-61.91M,-8.043M,-10.20M,-12.14M,130.48M,-16.75M,-25.31M,27.44M,-65.98M,-9.33M,-12.40M,-13.73M,,,,,,,,,,,,,,,,,,,,,,,,,,,,,,,,,,,,,,,,,,,,,,,,,,,,,,,,,,,,,,,,,,,,,,,,,,,,,,,,,,,,,,,,,,,,,,,,
Other Operating Expenses,77.78M,77.25M,40.57M,41.88M,65.56M,45.13M,25.28M,35.11M,36.68M,39.15M,30.63M,39.22M,29.18M,30.91M,49.47M,39.04M,232.31M,70.07M,76.71M,140.50M,136.68M,130.03M,147.14M,150.53M,169.70M,160.38M,100.73M,120.39M,-862.41M,444.64M,638.70M,550.86M,1.513B,8.638M,132.20M,105.76M,1.918B,12.60M,60.94M,73.98M,344.50M,-8.27M,-24.25M,,,,,,,,,,,,,,,,,,,,,,,,,,,,,,,,,,,,,,,,,,,,,,,,,,,,,,,,,,,,,,,,,,,,,,,,,,,,,,,,,,,,,,,,,,,,,,,,,,,,,
Total Operating Expenses,145.25M,146.42M,111.18M,115.34M,117.65M,120.88M,94.46M,95.36M,99.48M,101.34M,94.18M,101.69M,87.47M,96.02M,130.03M,125.18M,312.73M,156.12M,174.93M,248.26M,254.12M,241.57M,271.03M,268.88M,310.71M,282.11M,207.97M,216.92M,-774.27M,510.78M,726.32M,639.02M,719.45M,352.77M,466.51M,439.17M,1.157B,349.11M,418.00M,431.79M,656.54M,295.28M,269.87M,257.85M,2.561B,226.19M,215.82M,224.56M,208.81M,179.88M,169.47M,160.98M,186.70M,139.42M,148.75M,137.73M,96.29M,168.91M,149.50M,141.06M,117.77M,109.22M,115.91M,110.88M,49.06M,115.86M,86.31M,109.74M,1.539M,89.75M,106.59M,92.07M,82.92M,84.57M,84.02M,76.07M,80.26M,74.35M,68.34M,73.43M,87.80M,74.00M,70.20M,65.70M,69.20M,69.00M,67.10M,69.80M,69.20M,82.90M,91.40M,94.20M,27.60M,77.60M,76.80M,78.40M,64.40M,78.30M,79.30M,82.20M,47.00M,78.30M,77.80M,81.70M,67.40M,59.20M,58.40M,59.00M,77.50M,56.10M,79.80M,60.40M,21.20M,67.50M,193.10M,68.80M,136.80M,93.20M,67.30M,70.20M,123.70M,75.70M,,,,,,,,,,,,,,,,,,,,,,
Operating Income,94.44M,130.72M,133.50M,114.11M,53.79M,73.32M,60.32M,29.39M,-287.55M,53.47M,37.21M,49.05M,67.98M,14.69M,-130.58M,-141.34M,-149.25M,-108.07M,-87.19M,-212.56M,136.59M,424.77M,342.02M,353.82M,201.53M,431.13M,474.47M,381.64M,346.78M,387.34M,479.28M,467.88M,79.36M,541.56M,506.89M,405.76M,302.78M,360.76M,460.52M,303.81M,475.86M,336.24M,302.61M,158.19M,315.26M,928.76M,984.03M,670.90M,352.95M,321.58M,450.31M,197.41M,150.73M,419.97M,342.51M,254.00M,125.06M,357.64M,567.20M,210.33M,163.02M,206.83M,269.45M,140.75M,46.55M,100.30M,117.69M,129.72M,67.66M,56.90M,48.22M,8.437M,42.98M,74.10M,249.01M,162.15M,112.51M,157.48M,118.82M,77.61M,84.20M,84.70M,33.96M,-6.50M,4.60M,17.60M,37.40M,25.10M,79.10M,63.10M,41.30M,52.30M,134.30M,21.90M,28.10M,28.70M,26.20M,-0.40M,37.40M,13.80M,-6.20M,58.30M,34.80M,42.20M,0.40M,33.80M,42.70M,24.50M,50.10M,-13.60M,8.10M,9.90M,-41.60M,58.60M,-102.40M,54.40M,-76.60M,76.70M,77.30M,59.00M,28.30M,26.40M,434.90M,386.60M,-1.077B,381.80M,370.90M,356.90M,-1.128B,427.20M,368.40M,333.50M,-988.60M,327.60M,327.60M,327.60M,-1.346B,576.00M,572.30M,495.60M,-1.231B,560.50M,477.40M,548.20M
Non-Operating Interest Income,-4.386M,-4.418M,-8.968M,-4.748M,8.487M,-4.583M,-0.717M,4.587M,28.04M,-53.02M,-38.30M,-15.02M,5.356M,14.99M,22.44M,1.179M,4.366M,49.30M,1.423M,36.72M,44.78M,2.163M,-8.884M,5.173M,15.77M,53.10M,16.39M,-7.99M,5.566M,-8.508M,10.84M,2.985M,,,8.272M,5.611M,,,0.00,0.00,,,,39.43M,,7.292M,3.151M,0.471M,,,,,,,,,,,,,,,,,,,,,,,,,,,,,,,,,,,,,,,,,,,,,,,,,,,,,,,,,,,,,,,,,,,,,,,,,,,,,,,,,,,,,,,,,,,,,,,,
Non-Operating Interest Expense,74.18M,44.93M,54.10M,46.07M,47.28M,44.21M,44.32M,44.54M,39.84M,48.68M,45.14M,44.60M,44.28M,39.22M,34.45M,30.22M,30.50M,30.14M,28.64M,28.08M,33.44M,29.65M,28.72M,24.02M,22.62M,20.52M,15.12M,13.64M,6.014M,1.48M,2.122M,5.316M,10.60M,14.85M,9.961M,5.286M,4.344M,8.043M,10.20M,12.14M,-39.98M,16.75M,25.31M,11.99M,45.74M,16.62M,15.56M,14.20M,,,,,,,,,,,,,,,,,,,,,,,,,,,,,,,,,,,,,,,,,,,,,,,,,,,,,,,,,,,,,,,,,,,,,,,,,,,,,,,,,,,,,,,,,,,,,,,,
Net Non-Operating Interest Income Expense,-78.57M,-49.35M,-63.06M,-50.82M,-38.80M,-48.79M,-45.04M,-39.95M,-11.80M,-101.70M,-83.45M,-59.62M,-38.92M,-24.23M,-12.01M,-29.04M,-26.14M,19.16M,-27.22M,8.635M,11.34M,-27.48M,-37.60M,-18.84M,-6.853M,32.58M,1.271M,-21.63M,-0.448M,-9.988M,8.72M,-2.331M,22.42M,-14.85M,-1.689M,0.325M,-61.91M,-8.043M,-10.20M,-12.14M,130.48M,-16.75M,-25.31M,27.44M,-65.98M,-9.33M,-12.40M,-13.73M,,,,,,,,,,,,,,,,,,,,,,,,,,,,,,,,,,,,,,,,,,,,,,,,,,,,,,,,,,,,,,,,,,,,,,,,,,,,,,,,,,,,,,,,,,,,,,,,
Other Income and Expenses,-131.18M,95.74M,37.50M,-29.55M,-2.339M,49.44M,-37.84M,-10.49M,-52.96M,-15.33M,24.34M,165.45M,-109.11M,-7.216M,11.32M,-94.65M,-471.04M,-2.319B,4.315M,86.20M,69.07M,-0.795M,0.178M,-0.795M,0.175M,-0.038M,-21.59M,,-199.86M,-0.12M,0.035M,0.09M,,,-9.657M,-4.136M,,,-13.19M,-13.13M,-95.76M,-6.717M,-6.164M,,,,,,-16.96M,-8.17M,-88.56M,-6.571M,-3.696M,-59.55M,-91.36M,-77.71M,-81.81M,3.976M,166.63M,-2.328M,-16.14M,36.52M,-0.874M,26.70M,21.38M,-3.031M,46.78M,,-52.42M,-18.31M,4.571M,,,,,,-9.828M,-41.99M,,,0.00,,,-3.00M,,,,1.10M,-55.40M,1.10M,1.40M,1.10M,-65.90M,49.40M,18.60M,15.90M,-223.60M,2.90M,1.70M,13.40M,,,,,,,,,-20.60M,20.80M,29.40M,0.60M,87.50M,0.60M,0.50M,0.60M,123.20M,1.20M,1.10M,0.90M,28.00M,0.60M,,,,,,,,,,,,,,,,,,,,,,
Net Interest Income,-78.57M,-49.35M,-63.06M,-50.82M,-38.80M,-48.79M,-45.04M,-39.95M,-11.80M,-101.70M,-83.45M,-59.62M,-38.92M,-24.23M,-12.01M,-29.04M,-26.14M,19.16M,-27.22M,8.635M,11.34M,-27.48M,-37.60M,-18.84M,-6.853M,32.58M,1.271M,-21.63M,-0.448M,-9.988M,8.72M,-2.331M,22.42M,-14.85M,-1.689M,0.325M,-61.91M,-8.043M,-10.20M,-12.14M,130.48M,-16.75M,-25.31M,27.44M,-65.98M,-9.33M,-12.40M,-13.73M,,,,,,,,,,,,,,,,,,,,,,,,,,,,,,,,,,,,,,,,,,,,,,,,,,,,,,,,,,,,,,,,,,,,,,,,,,,,,,,,,,,,,,,,,,,,,,,,
Pre-Tax Income,-115.30M,177.12M,107.94M,33.74M,12.66M,73.97M,-22.56M,-21.06M,-352.31M,-63.56M,-21.90M,154.88M,-80.06M,-16.76M,-131.27M,-265.03M,-646.43M,-2.408B,-110.09M,-117.73M,217.00M,396.49M,304.59M,334.18M,194.85M,463.67M,454.15M,360.01M,146.47M,377.23M,488.04M,465.64M,-238.32M,526.71M,505.20M,411.43M,223.16M,352.71M,444.98M,286.15M,536.73M,312.78M,271.14M,156.52M,273.76M,919.43M,968.48M,656.70M,314.44M,318.11M,404.29M,200.38M,144.01M,384.46M,295.13M,214.81M,252.91M,353.97M,561.96M,203.22M,206.08M,196.42M,257.62M,139.83M,30.39M,90.58M,111.04M,125.29M,33.96M,43.38M,40.51M,3.712M,29.48M,69.65M,246.98M,155.99M,127.57M,132.99M,119.94M,74.02M,81.00M,80.50M,28.20M,-11.20M,-85.40M,15.40M,36.90M,24.80M,51.20M,64.20M,42.80M,53.40M,68.00M,70.50M,45.90M,43.50M,-198.50M,1.30M,37.70M,25.60M,24.10M,57.90M,33.70M,41.10M,34.30M,33.80M,42.20M,23.40M,29.00M,-1.00M,36.10M,5.30M,34.00M,52.20M,-106.90M,48.60M,41.50M,63.60M,63.40M,45.40M,45.50M,19.40M,,,,,,,,,,,,,,,,,,,,,,
Provision for Income Taxes,-24.04M,18.78M,9.115M,10.82M,-34.96M,17.84M,2.622M,-111.64M,174.53M,2.76M,-4.545M,97.39M,-17.28M,-2.176M,-134.17M,-65.55M,-63.19M,-820.94M,-21.10M,-121.26M,-224.96M,125.44M,161.92M,164.90M,14.36M,198.59M,194.26M,177.33M,58.26M,165.55M,196.73M,184.20M,69.90M,179.40M,225.19M,172.99M,104.16M,155.28M,172.69M,137.26M,217.18M,123.90M,110.29M,85.28M,140.75M,334.42M,349.96M,248.49M,108.33M,118.57M,154.05M,89.75M,55.64M,160.31M,78.95M,98.82M,98.36M,131.57M,214.16M,90.07M,79.29M,80.64M,89.48M,59.13M,-5.493M,21.84M,38.68M,31.18M,-1.577M,6.892M,27.59M,1.381M,3.181M,27.92M,84.42M,58.15M,41.34M,42.88M,46.89M,24.87M,21.50M,29.30M,12.50M,-4.50M,-24.20M,6.40M,14.70M,9.30M,19.30M,21.90M,15.20M,22.80M,27.60M,30.00M,17.80M,19.50M,-35.70M,-6.30M,17.10M,9.60M,6.00M,20.60M,6.20M,17.40M,14.20M,13.60M,19.50M,-0.40M,7.30M,-15.70M,8.60M,6.40M,6.50M,8.60M,-1.80M,24.10M,23.60M,26.00M,34.90M,27.50M,24.60M,16.90M,,,,,,,,,,,,,,,,,,,,,,
Income from Continuing Operations,-91.27M,158.33M,98.82M,22.92M,47.61M,56.13M,-25.18M,90.58M,-526.84M,-66.32M,-17.35M,57.50M,-62.78M,-14.58M,2.905M,-199.48M,-583.23M,-1.587B,-88.99M,3.53M,441.96M,271.06M,142.67M,169.29M,180.49M,265.08M,259.89M,182.68M,88.21M,211.68M,291.31M,281.44M,-308.23M,347.31M,280.02M,238.44M,119.00M,197.44M,272.29M,148.89M,319.56M,188.88M,160.84M,71.24M,133.01M,585.02M,618.52M,408.21M,206.12M,199.54M,250.24M,110.63M,88.37M,224.14M,216.17M,115.98M,154.56M,222.40M,347.79M,113.15M,131.79M,115.77M,168.14M,80.70M,35.88M,68.74M,72.36M,94.10M,35.54M,36.49M,12.92M,2.331M,26.30M,41.73M,162.57M,97.84M,86.23M,90.11M,73.04M,49.14M,59.50M,51.20M,15.70M,-6.70M,-61.20M,9.00M,22.20M,15.50M,31.90M,42.30M,27.60M,30.60M,40.40M,40.50M,28.10M,24.00M,-162.80M,7.60M,20.60M,16.00M,18.10M,37.30M,27.50M,23.70M,20.10M,20.20M,22.70M,23.80M,21.70M,14.70M,27.50M,-1.10M,27.50M,43.60M,-105.10M,24.50M,17.90M,37.60M,28.50M,17.90M,20.90M,2.50M,16.80M,6.40M,25.70M,10.10M,9.40M,-6.40M,-61.60M,7.80M,7.10M,3.10M,-207.80M,-0.50M,2.60M,10.90M,17.10M,18.60M,23.80M,20.20M,42.40M,25.30M,23.60M,26.30M
Income from Discontinued Operations,36.86M,953.37M,24.42M,49.85M,64.16M,37.81M,70.70M,77.67M,240.05M,0.425M,-0.217M,0.969M,-1.142M,-1.593M,0.025M,0.683M,-3.898M,-8.344M,15.15M,-17.97M,-66.72M,-25.35M,-13.26M,-14.03M,-105.07M,19.73M,142.76M,177.92M,70.48M,15.00M,4.131M,8.633M,194.30M,58.80M,31.60M,30.46M,55.07M,5.395M,,,-0.686M,0.00,-2.074M,99.86M,-5.642M,-0.595M,0.688M,0.786M,,,,,,,,,0.00,8.549M,,,2.689M,2.95M,181.74M,17.54M,,,7.331M,,22.10M,0.916M,1.012M,0.203M,,,,,,,,,,,,,,,,,,,,,3.10M,1.80M,,,,,,,,,,,,,,,3.60M,,,20.30M,,,,,,,,,,,,,,,,,,,,,,,,,,,,,,,,
"Extraordinary Items, Income Statement",,,,,,,,,,,,,,,,,,,,,,,,,,,,,,,,,,,,,,,,,,,,,,,,,,,,,,,,,,,,,,,,,0.00,,,-6.993M,,,,,,,,,0.00,,,-8.733M,,,,,,,,,,,,,,,,,,,,,,,,,0.00,,,15.30M,,,,,,,,,,,,,,,,,,,,,,,,,,,,,,,,,,,,
Income Attributable to Minority Interest,-17.31M,-22.70M,-30.97M,-32.59M,-8.392M,0.00,0.00,,,,,,,,,,,,,,,,,,,,,,,,,,,,,,,,,,,,,,,,,,0.124M,0.448M,0.002M,-0.026M,,,,,,,,,,,,,,,,,,,,,,,,,,,,,,,,,,,,,,,,,,,,,,,,,,,,,,,,,,,,,-4.60M,,1.70M,0.40M,-0.70M,-5.20M,-5.30M,-4.70M,-3.90M,3.80M,,,,,,,,,,,,,,,,,,,,,,
Net Income,-71.72M,1.089B,92.27M,40.18M,103.38M,93.94M,45.52M,168.25M,-286.79M,-65.89M,-17.57M,58.46M,-63.92M,-16.18M,2.93M,-198.80M,-587.13M,-1.595B,-73.83M,-14.44M,375.24M,245.71M,129.41M,155.25M,75.42M,284.81M,402.64M,360.60M,158.69M,226.68M,295.44M,290.07M,-113.93M,406.11M,311.61M,268.90M,174.07M,202.83M,272.29M,148.89M,318.87M,188.88M,158.77M,171.10M,127.37M,584.42M,619.20M,408.99M,206.12M,199.54M,250.24M,110.63M,88.37M,224.14M,216.17M,115.98M,154.56M,230.95M,347.79M,113.15M,134.48M,118.72M,349.87M,98.24M,58.66M,68.74M,79.69M,87.11M,57.64M,37.41M,13.93M,2.534M,28.77M,41.73M,162.57M,97.84M,93.26M,90.11M,73.04M,40.41M,59.50M,51.20M,15.70M,-6.70M,-61.20M,9.00M,22.20M,15.50M,31.90M,42.30M,27.60M,30.60M,43.50M,42.30M,28.10M,24.00M,-162.80M,7.60M,20.60M,16.00M,18.10M,37.30M,27.50M,23.70M,20.10M,20.20M,22.70M,39.10M,31.20M,17.10M,33.90M,23.30M,25.90M,43.60M,-105.10M,24.50M,17.90M,37.60M,28.50M,17.90M,20.90M,2.50M,16.80M,6.40M,25.70M,10.10M,9.40M,-6.40M,-61.60M,7.80M,7.10M,3.10M,-207.80M,-0.50M,2.60M,10.90M,17.10M,18.60M,23.80M,20.20M,42.40M,25.30M,23.60M,26.30M
Normalized Income,-13.99M,75.97M,10.21M,-9.972M,33.70M,44.71M,1.962M,106.30M,-501.87M,-58.59M,-41.71M,-43.07M,-38.91M,-13.95M,0.6196M,-127.90M,-409.81M,-70.78M,-103.73M,-78.00M,381.69M,271.15M,142.67M,169.27M,180.32M,265.10M,273.92M,182.68M,208.57M,211.76M,291.28M,281.38M,-87.16M,347.31M,280.02M,234.96M,130.51M,197.44M,275.56M,152.48M,361.32M,192.93M,164.85M,71.24M,133.01M,585.02M,618.52M,408.21M,217.24M,204.66M,305.06M,114.91M,90.64M,259.87M,283.10M,162.61M,204.55M,219.90M,244.67M,114.55M,141.72M,93.86M,168.71M,64.68M,23.05M,71.04M,41.87M,94.10M,66.99M,51.89M,10.17M,2.331M,26.30M,41.73M,162.57M,97.84M,92.87M,118.56M,73.04M,49.14M,59.50M,51.20M,15.70M,-4.90M,-61.20M,9.00M,22.20M,14.81M,66.42M,41.58M,26.70M,29.94M,79.94M,10.86M,16.71M,14.46M,20.59M,5.86M,19.58M,7.625M,18.10M,37.30M,27.50M,23.70M,20.10M,20.20M,22.70M,23.80M,37.11M,2.22M,5.104M,-1.46M,-43.27M,43.10M,-105.59M,24.14M,-56.02M,36.88M,27.84M,17.36M,4.10M,2.14M,,,,,,,,,,,,,,,,,,,,,,
EBITDA,287.45M,547.61M,426.34M,309.22M,264.56M,315.68M,212.51M,206.23M,-275.37M,228.76M,258.24M,435.63M,221.02M,278.36M,158.42M,51.34M,-314.22M,-1.944B,321.94M,391.38M,802.30M,925.29M,792.30M,754.45M,631.67M,878.86M,850.65M,736.80M,488.64M,653.24M,799.98M,803.54M,-46.53M,812.84M,771.95M,680.47M,490.70M,633.38M,743.39M,590.97M,778.08M,575.20M,560.27M,363.28M,645.62M,1.101B,1.139B,831.52M,524.39M,449.67M,576.03M,317.32M,258.05M,526.30M,446.04M,361.06M,219.67M,456.82M,681.36M,322.07M,250.68M,286.52M,355.86M,224.85M,67.69M,235.01M,176.81M,211.85M,45.45M,127.37M,140.10M,84.20M,105.68M,139.39M,313.67M,222.40M,173.17M,212.43M,169.62M,136.18M,142.70M,139.70M,87.26M,42.70M,61.40M,71.20M,87.60M,78.10M,135.20M,122.20M,94.70M,103.60M,185.10M,64.30M,75.70M,80.00M,74.10M,61.60M,99.50M,78.40M,55.60M,109.40M,87.00M,95.30M,52.10M,79.50M,90.80M,67.30M,108.90M,24.00M,50.70M,53.10M,-23.80M,103.00M,-60.90M,100.30M,-30.80M,147.60M,124.50M,108.60M,81.60M,81.70M,434.90M,386.60M,-1.077B,381.80M,370.90M,356.90M,-1.128B,427.20M,368.40M,333.50M,-988.60M,327.60M,327.60M,327.60M,-1.346B,576.00M,572.30M,495.60M,-1.231B,560.50M,477.40M,548.20M
Reconciled Depreciation,328.57M,325.56M,264.30M,229.41M,204.62M,197.50M,190.75M,182.74M,37.10M,243.64M,234.99M,236.15M,256.79M,255.90M,255.24M,286.15M,301.70M,433.71M,403.39M,481.03M,551.85M,499.15M,458.99M,396.25M,414.20M,394.67M,381.38M,363.14M,336.16M,274.53M,309.82M,332.59M,181.19M,263.00M,256.78M,263.75M,263.19M,248.03M,288.21M,292.68M,214.78M,245.68M,263.82M,194.77M,326.12M,164.55M,155.32M,160.62M,171.44M,128.09M,125.72M,119.91M,107.32M,106.33M,103.54M,107.06M,94.61M,99.18M,114.16M,111.74M,87.65M,79.69M,86.42M,84.10M,15.59M,134.72M,41.13M,82.14M,-27.03M,70.48M,91.87M,75.77M,62.69M,65.29M,64.66M,60.25M,60.67M,54.95M,50.80M,58.57M,58.50M,55.00M,53.30M,49.20M,56.80M,53.60M,50.20M,53.00M,56.10M,59.10M,53.40M,51.30M,50.80M,42.40M,47.60M,51.30M,47.90M,62.00M,62.10M,64.60M,61.80M,51.10M,52.20M,53.10M,51.70M,45.70M,48.10M,42.80M,58.80M,37.60M,42.60M,43.20M,17.80M,44.40M,41.50M,45.90M,45.80M,70.90M,47.20M,49.60M,53.30M,55.30M,,,,,,,,,,,,,,,,,,,,,,
EBIT,-41.12M,222.05M,162.04M,79.81M,59.94M,118.18M,21.76M,23.48M,-312.47M,-14.88M,23.25M,199.48M,-35.77M,22.46M,-96.82M,-234.81M,-615.92M,-2.378B,-81.45M,-89.64M,250.44M,426.14M,333.31M,358.20M,217.47M,484.20M,469.27M,373.65M,152.49M,378.71M,490.16M,470.95M,-227.72M,541.56M,515.17M,416.72M,227.51M,360.76M,455.17M,298.29M,496.76M,329.52M,296.45M,168.51M,319.50M,936.06M,984.03M,670.90M,352.95M,321.58M,450.31M,197.41M,150.73M,419.97M,342.51M,254.00M,125.06M,357.64M,567.20M,210.33M,163.02M,206.83M,269.45M,140.75M,46.55M,100.30M,117.69M,129.72M,67.66M,56.90M,48.22M,8.437M,42.98M,74.10M,249.01M,162.15M,112.51M,157.48M,118.82M,77.61M,84.20M,84.70M,33.96M,-6.50M,4.60M,17.60M,37.40M,25.10M,79.10M,63.10M,41.30M,52.30M,134.30M,21.90M,28.10M,28.70M,26.20M,-0.40M,37.40M,13.80M,-6.20M,58.30M,34.80M,42.20M,0.40M,33.80M,42.70M,24.50M,50.10M,-13.60M,8.10M,9.90M,-41.60M,58.60M,-102.40M,54.40M,-76.60M,76.70M,77.30M,59.00M,28.30M,26.40M,434.90M,386.60M,-1.077B,381.80M,370.90M,356.90M,-1.128B,427.20M,368.40M,333.50M,-988.60M,327.60M,327.60M,327.60M,-1.346B,576.00M,572.30M,495.60M,-1.231B,560.50M,477.40M,548.20M
EPS Basic from Continuing Operations,-0.71,0.85,0.40,-0.06,0.60,0.32,-0.14,0.52,-1.65,-0.38,-0.10,0.33,-0.36,-0.08,0.02,-1.16,-3.39,-9.22,-0.51,0.02,2.49,1.52,0.80,0.94,0.98,1.42,1.38,0.96,0.84,1.09,1.50,1.45,-1.59,1.80,1.45,1.23,0.61,1.03,1.42,0.78,1.67,0.99,0.84,0.37,0.69,3.08,3.26,2.16,1.09,1.06,1.33,0.59,0.47,1.20,1.16,0.62,0.88,1.20,1.89,0.615,0.7168,0.63,0.91,0.44,0.1952,0.375,0.395,0.515,0.195,0.20,0.075,0.015,0.1388,0.23,0.90,0.5425,0.4790,0.50,0.405,0.2725,0.33,0.285,0.0875,-0.0375,-0.3401,0.05,0.1225,0.0875,0.18,0.235,0.1525,0.17,0.185,0.225,0.155,0.135,-0.96,0.0425,0.115,0.09,0.10,0.2075,0.1525,0.1325,0.1125,0.1125,0.1275,0.1325,0.1225,0.0825,0.1525,-0.005,0.185,0.2425,-0.775,0.1825,0.13,0.2775,0.21,0.1325,0.1525,0.02,0.1225,0.0475,,0.075,0.07,-0.0475,,0.06,0.0525,0.0225,,-0.005,0.02,0.08,,0.135,0.165,0.14,,0.1725,0.16,0.18
EPS Basic from Discontinued Operations,0.24,5.94,0.15,0.29,0.00,0.22,0.41,0.45,-0.01,0.00,0.00,0.01,-0.01,-0.01,0.00,0.00,-0.02,-0.04,0.09,-0.10,-0.38,-0.14,-0.08,-0.08,-0.57,0.10,0.75,0.93,-0.02,0.08,0.02,0.05,1.00,0.30,0.16,0.16,0.29,0.03,0.00,0.00,0.00,0.00,-0.01,0.53,-0.02,0.00,0.01,0.00,0.00,0.00,0.00,0.00,0.00,0.00,0.00,0.00,0.00,0.05,0.00,0.00,0.0133,0.01,0.99,0.095,0.1240,0.00,0.04,0.00,0.12,0.005,0.00,0.00,0.0136,0.00,0.00,0.00,0.0865,0.00,0.00,-0.0475,0.00,0.00,0.00,0.00,,0.00,0.00,0.00,0.00,0.00,0.00,0.00,0.0575,0.01,0.00,0.00,0.05,0.00,0.00,0.00,0.00,0.00,0.00,0.00,0.00,0.00,0.00,0.085,0.02,0.0125,0.035,0.1125,-0.01,0.00,0.00,0.00,0.00,0.00,0.00,0.00,0.00,0.00,0.00,0.00,,0.00,0.00,0.00,,0.00,0.00,0.00,,0.00,0.00,0.00,,0.00,0.00,0.00,,0.00,0.00,0.00
EPS Basic from Extraordinaries,,,,,,,,,,,,,,,,,,,,,,,,,,,,,,,,,,,,,,,,,,,,,,,,,,,,,,,,,,,,,,,,,0.00,,,0.00,,,,,,,,,0.00,,,0.00,,,,,,,,,,,,,,,,,,,,,,,,,0.00,,,0.00,,,,,,,,,,,,,,,,,,,,,,,,,,,,,,,,,,,,
EPS Basic from Tax Loss Carryforward,,,,,,,,,,,,,,,,,,,,,,,,,,,,,,,,,,,,,,,,,,,,,,,,,,,,,,,,,,,,,,,,,,,,,,,,,,,,,,,,,,,,,,,,,,,,,,,,,,,,,,,,,,,,,0.0331,0.0133,0.0354,0.0229,,,,,,,,,,,,,,,,,,,,,,,,,,,,,,,,
Normalized Basic EPS,-0.0959,0.4780,0.0580,-0.0618,0.5681,0.2540,0.0169,0.6110,-1.505,-0.3352,-0.2412,-0.2532,-0.2214,-0.0763,0.0067,-0.7441,-2.383,-0.4148,-0.5945,-0.4387,2.151,1.521,0.80,0.9399,0.9791,1.420,1.454,0.96,1.463,1.090,1.500,1.450,-0.4482,1.80,1.45,1.212,0.6697,1.03,1.437,0.7988,1.889,1.011,0.8610,0.37,0.69,3.08,3.26,2.16,1.149,1.087,1.622,0.6128,0.4822,1.392,1.520,0.8711,1.150,1.186,1.329,0.6226,0.7708,0.5109,0.9131,0.3529,0.1254,0.3875,0.2290,0.515,0.3666,0.2840,0.0600,0.015,0.1388,0.23,0.90,0.5425,0.5158,0.6579,0.405,0.2725,0.33,0.285,0.0875,-0.0275,-0.3401,0.05,0.1225,0.0836,0.3747,0.2310,0.1475,0.1663,0.4056,0.0603,0.0922,0.0813,0.0570,0.0328,0.1093,0.0429,0.10,0.2075,0.1525,0.1325,0.1125,0.1125,0.1275,0.1325,0.2092,0.0132,0.0286,-0.0070,-0.1961,0.2397,-0.7786,0.1798,-0.4095,0.2722,0.2051,0.1285,0.0312,0.0171,0.1225,0.0475,,0.075,0.07,-0.0475,,0.06,0.0525,0.0225,,-0.005,0.02,0.08,,0.135,0.165,0.14,,0.1725,0.16,0.18
EPS Basic,-0.47,6.79,0.55,0.23,0.60,0.54,0.27,0.97,-1.66,-0.38,-0.10,0.34,-0.37,-0.09,0.02,-1.16,-3.41,-9.26,-0.42,-0.08,2.11,1.38,0.72,0.86,0.41,1.52,2.13,1.89,0.82,1.17,1.52,1.50,-0.59,2.10,1.61,1.39,0.90,1.06,1.42,0.78,1.67,0.99,0.83,0.90,0.67,3.08,3.27,2.16,1.09,1.06,1.33,0.59,0.47,1.20,1.16,0.62,0.88,1.25,1.89,0.615,0.7300,0.64,1.90,0.535,0.3211,0.375,0.435,0.475,0.315,0.205,0.075,0.015,0.1524,0.23,0.90,0.5425,0.5171,0.50,0.405,0.225,0.33,0.285,0.0875,-0.0375,-0.3401,0.05,0.1225,0.0875,0.18,0.235,0.1525,0.17,0.2425,0.235,0.155,0.135,-0.91,0.0425,0.115,0.09,0.10,0.2075,0.1525,0.1325,0.1125,0.1125,0.1275,0.2175,0.175,0.095,0.1875,0.13,0.175,0.2425,-0.775,0.1825,0.13,0.2775,0.21,0.1325,0.1525,0.02,0.1225,0.0475,,0.075,0.07,-0.0475,,0.06,0.0525,0.0225,,-0.005,0.02,0.08,,0.135,0.165,0.14,,0.1725,0.16,0.18
EPS Diluted from Continuing Operations,-0.71,0.84,0.40,-0.06,0.59,0.32,-0.15,0.52,-1.65,-0.38,-0.10,0.33,-0.36,-0.08,0.02,-1.16,-3.39,-9.22,-0.51,0.02,2.48,1.51,0.79,0.93,0.96,1.41,1.37,0.95,0.84,1.08,1.50,1.44,-1.59,1.79,1.44,1.22,0.61,1.02,1.41,0.77,1.66,0.98,0.84,0.37,0.69,3.04,3.22,2.13,1.07,1.04,1.32,0.58,0.47,1.18,1.14,0.61,0.86,1.18,1.85,0.60,0.7168,0.62,0.90,0.43,0.19,0.37,0.39,0.51,0.19,0.20,0.075,0.015,-0.0275,0.2275,0.89,0.54,0.3325,0.4975,0.4025,0.2725,0.33,0.285,0.0875,-0.0375,-0.3401,0.05,0.1225,0.0875,0.1775,0.235,0.1525,0.17,0.185,0.225,0.155,0.135,-0.96,0.0425,0.115,0.09,0.10,0.2075,0.1525,0.1325,0.1125,0.1125,0.1275,0.1325,0.1225,0.0825,0.1525,-0.005,0.185,0.2425,-0.775,0.1825,0.13,0.2775,0.21,0.1325,0.1525,0.02,0.1225,0.0475,,0.075,0.07,-0.0475,,0.06,0.0525,0.0225,,-0.005,0.02,0.08,,0.135,0.165,0.14,,0.1725,0.16,0.18
EPS Diluted from Discontinued Operations,0.24,5.92,0.14,0.29,0.00,0.22,0.40,0.44,-0.01,0.00,0.00,0.01,-0.01,-0.01,0.00,0.00,-0.02,-0.04,0.09,-0.10,-0.38,-0.14,-0.08,-0.08,-0.57,0.10,0.75,0.93,-0.02,0.08,0.02,0.05,1.00,0.30,0.16,0.16,0.28,0.03,0.00,0.00,-0.01,0.00,-0.01,0.52,-0.02,0.00,0.00,0.00,0.00,0.00,0.00,0.00,0.00,0.00,0.00,0.00,0.00,0.05,0.00,0.00,0.00,0.01,0.97,0.095,0.09,0.00,0.04,0.00,0.12,0.005,0.00,0.00,0.0136,0.00,0.00,0.00,0.0865,0.00,0.00,-0.0475,0.00,0.00,0.00,0.00,0.00,0.00,0.00,0.00,0.00,0.00,0.00,0.00,0.0575,0.01,0.00,0.00,0.05,0.00,0.00,0.00,0.00,0.00,0.00,0.00,0.00,0.00,0.00,0.085,0.02,0.0125,0.035,0.1125,-0.01,0.00,0.00,0.00,0.00,0.00,0.00,0.00,0.00,0.00,0.00,0.00,,0.00,0.00,0.00,,0.00,0.00,0.00,,0.00,0.00,0.00,,0.00,0.00,0.00,,0.00,0.00,0.00
EPS Diluted from Extraordinaries,,,,,,,,,,,,,,,,,,,,,,,,,,,,,,,,,,,,,,,,,,,,,,,,,,,,,,,,,,,,,,,,,0.0000,,,-0.0381,,,,,,,,,0.0000,,,-0.0485,,,,,,,,,,,,,,,,,,,,,,,,,0.0001,,,0.0851,,,,,,,,,,,,,,,,,,,,,,,,,,,,,,,,,,,,
EPS Diluted from Tax Loss Carryforward,,,,,,,,,,,,,,,,,,,,,,,,,,,,,,,,,,,,,,,,,,,,,,,,,,,,,,,,,,,,,,,,,,,,,,,,,,,,,,,,,,,,,,,,,,,,,,,,,,,,,,,,,,,,,0.0331,0.0133,0.0354,0.0229,,,,,,,,,,,,,,,,,,,,,,,,,,,,,,,,
Normalized Diluted EPS,-0.0995,0.4694,0.0594,-0.0618,0.5583,0.2544,0.0060,0.6100,-1.505,-0.3352,-0.2412,-0.2510,-0.2214,-0.0763,0.0068,-0.7441,-2.383,-0.4148,-0.5945,-0.4374,2.142,1.511,0.79,0.9299,0.9591,1.410,1.444,0.95,1.460,1.080,1.500,1.440,-0.4528,1.79,1.44,1.202,0.6693,1.02,1.427,0.7886,1.877,1.001,0.8608,0.37,0.69,3.04,3.22,2.13,1.128,1.067,1.608,0.6025,0.4820,1.369,1.494,0.8572,1.125,1.167,1.301,0.6074,0.7708,0.5029,0.9031,0.3440,0.1204,0.3824,0.2252,0.51,0.3604,0.2836,0.0601,0.015,-0.0275,0.2275,0.89,0.54,0.3692,0.6545,0.4025,0.2725,0.33,0.285,0.0875,-0.0275,-0.3401,0.05,0.1225,0.0836,0.3695,0.2310,0.1475,0.1663,0.4056,0.0603,0.0922,0.0813,0.0570,0.0328,0.1093,0.0429,0.10,0.2075,0.1525,0.1325,0.1125,0.1125,0.1275,0.1325,0.2092,0.0132,0.0286,-0.0070,-0.1961,0.2397,-0.7786,0.1798,-0.4095,0.2722,0.2051,0.1285,0.0312,0.0171,0.1225,0.0475,,0.075,0.07,-0.0475,,0.06,0.0525,0.0225,,-0.005,0.02,0.08,,0.135,0.165,0.14,,0.1725,0.16,0.18
EPS Diluted,-0.47,6.76,0.54,0.23,0.59,0.54,0.25,0.96,-1.66,-0.38,-0.10,0.34,-0.37,-0.09,0.02,-1.16,-3.41,-9.26,-0.42,-0.08,2.10,1.37,0.72,0.85,0.40,1.51,2.12,1.88,0.82,1.16,1.52,1.49,-0.59,2.09,1.60,1.38,0.89,1.05,1.41,0.77,1.65,0.98,0.83,0.89,0.67,3.04,3.22,2.14,1.07,1.04,1.32,0.58,0.47,1.18,1.14,0.61,0.86,1.23,1.85,0.60,0.73,0.63,1.87,0.525,0.32,0.37,0.43,0.47,0.31,0.205,0.075,0.015,0.1524,0.2275,0.89,0.54,0.515,0.4975,0.4025,0.225,0.33,0.285,0.0875,-0.0375,-0.3401,0.05,0.1225,0.0875,0.1775,0.235,0.1525,0.17,0.2425,0.235,0.155,0.135,-0.91,0.0425,0.115,0.09,0.10,0.2075,0.1525,0.1325,0.1125,0.1125,0.1275,0.2175,0.175,0.095,0.1875,0.095,0.175,0.2425,-0.775,0.1825,0.13,0.2775,0.21,0.1325,0.1525,0.02,0.1225,0.0475,,0.075,0.07,-0.0475,,0.06,0.0525,0.0225,,-0.005,0.02,0.08,,0.135,0.165,0.14,,0.1725,0.16,0.18
Average Basic Shares Outstanding,154.04M,160.37M,168.54M,173.34M,173.05M,173.05M,173.04M,172.80M,172.57M,172.57M,172.56M,172.42M,172.20M,172.20M,172.20M,172.11M,172.26M,172.21M,174.49M,177.73M,177.63M,177.54M,178.50M,181.37M,184.94M,186.94M,189.00M,190.81M,193.23M,194.29M,194.21M,193.92M,193.61M,193.52M,193.48M,193.09M,192.59M,191.94M,191.59M,191.22M,190.99M,190.81M,190.75M,190.55M,189.94M,189.79M,189.56M,189.15M,188.96M,188.24M,187.62M,187.15M,186.57M,186.21M,185.92M,185.71M,185.17M,184.36M,183.90M,184.25M,183.94M,184.01M,183.99M,183.85M,183.60M,183.70M,183.63M,183.48M,183.31M,183.28M,183.14M,182.04M,180.76M,181.23M,180.83M,180.23M,180.67M,180.17M,180.09M,180.04M,179.97M,179.89M,179.86M,179.82M,180.00M,180.00M,181.22M,177.14M,177.29M,180.00M,180.98M,180.00M,179.27M,180.00M,181.29M,177.78M,180.32M,178.82M,179.13M,177.78M,180.58M,179.76M,180.33M,178.87M,178.79M,179.56M,178.04M,179.77M,177.89M,180.00M,180.80M,179.23M,185.71M,179.79M,135.61M,134.25M,137.02M,135.50M,135.71M,135.09M,138.44M,125.00M,135.50M,135.47M,135.47M,135.47M,135.47M,134.50M,135.47M,134.49M,134.44M,134.36M,150.97M,134.36M,134.36M,134.36M,138.07M,141.58M,143.40M,146.32M,145.77M,146.32M,146.28M,146.28M
Average Diluted Shares Outstanding,154.93M,160.98M,169.27M,174.49M,174.23M,174.18M,173.98M,174.62M,172.57M,172.57M,172.56M,173.09M,172.20M,172.20M,172.80M,172.11M,172.26M,172.21M,174.49M,178.24M,178.55M,178.86M,180.05M,182.58M,186.35M,188.34M,189.94M,191.77M,194.05M,195.06M,194.85M,194.88M,194.40M,194.41M,194.92M,194.60M,194.03M,193.44M,193.17M,192.93M,192.75M,192.64M,192.38M,192.28M,191.88M,192.24M,192.26M,191.55M,192.27M,191.19M,190.16M,189.79M,189.43M,189.24M,189.10M,188.64M,188.34M,188.07M,187.68M,187.81M,183.94M,187.14M,186.68M,186.35M,184.44M,185.70M,185.01M,184.70M,184.55M,184.29M,184.53M,183.61M,184.67M,182.73M,182.58M,181.26M,181.12M,181.22M,181.02M,180.64M,180.43M,180.24M,180.14M,179.82M,180.00M,180.00M,181.22M,177.14M,179.74M,180.00M,180.98M,180.00M,179.27M,180.00M,181.29M,177.78M,180.32M,178.82M,179.13M,177.78M,180.58M,179.76M,180.33M,178.87M,178.79M,179.56M,178.04M,179.77M,177.89M,180.00M,180.80M,179.23M,185.71M,179.79M,135.61M,134.25M,137.02M,135.50M,135.71M,135.09M,138.44M,125.00M,135.50M,135.47M,135.47M,135.47M,135.47M,134.50M,135.47M,134.49M,134.44M,134.36M,150.97M,134.36M,134.36M,134.36M,138.07M,141.58M,143.40M,146.32M,145.77M,146.32M,146.28M,146.28M
Dividend Per Share,0.25,0.25,0.25,0.25,0.25,0.25,0.25,0.25,0.25,0.25,0.25,0.25,0.25,0.25,0.35,0.35,0.35,0.35,0.35,0.35,0.35,0.35,0.3125,0.3125,0.3125,0.3125,0.3125,0.3125,0.3125,0.3125,0.275,0.275,0.275,0.275,0.275,0.275,0.275,0.275,0.25,0.25,0.25,0.25,0.25,0.25,0.25,0.25,0.1875,0.1875,0.1875,0.1875,0.15,0.15,0.15,0.15,0.1125,0.1125,0.1125,0.1125,0.1125,0.1125,0.1125,0.1125,0.10,0.10,0.10,0.10,0.10,0.10,0.10,0.10,0.0938,0.0938,0.0938,0.0938,0.0938,0.0938,0.0938,0.0938,0.0875,0.0875,0.0875,0.0875,0.0875,0.0875,0.0875,0.0875,0.0875,0.0875,0.0875,0.0875,0.0813,0.0813,0.1626,0.0813,0.0813,0.0813,0.0813,0.0813,0.0813,0.0813,0.0813,0.0813,0.0813,0.0813,0.0813,0.0813,0.075,0.075,0.075,0.075,0.075,0.075,0.075,0.075,0.075,0.075,0.0625,0.0625,0.0625,0.0625,0.0625,0.0625,0.0625,0.0625,0.0625,0.0625,0.0625,0.0625,0.0625,0.0625,0.0625,0.0625,0.0625,0.0625,0.0625,0.0625,0.0625,0.0625,0.0625,0.0625,0.0625,0.0625,0.065,0.0625
As Originally Reported,AOR,AOR,AOR,AOR,AOR,AOR,AOR,AOR,AOR,AOR,AOR,AOR,AOR,AOR,AOR,AOR,AOR,AOR,AOR,AOR,AOR,AOR,AOR,AOR,AOR,AOR,AOR,AOR,AOR,AOR,AOR,AOR,AOR,AOR,AOR,AOR,AOR,AOR,AOR,AOR,AOR,AOR,AOR,AOR,,,,,,,,,,,,,,,,,,,,,,,,,,,,,,,,,,,,,,,,,,,,,,,,,,,,,,,,,,,,,,,,,,,,,,,,,,,,,,,,,,,,,,,,,,,,,,,,,,,,
Restated,,,,,Restated,Restated,Restated,Restated,Restated,Restated,Restated,Restated,Restated,Restated,Restated,Restated,Restated,Restated,Restated,Restated,Restated,Restated,Restated,Restated,Restated,Restated,Restated,Restated,Restated,Restated,Restated,Restated,Restated,Restated,Restated,Restated,Restated,,,Restated,Restated,Restated,Restated,Restated,Restated,Restated,Restated,Restated,,,,,,,,,,,,,,,,,,,,,,,,,,,,,,,,,,,,,,,,,,,,,,,,,,,,,,,,,,,,,,,,,,,,,,,,,,,,,,,,,,,,,,,,,,,,,,,,
