Income (Quarterly),2019-12,2019-09,2019-06,2019-03,2018-12,2018-09,2018-06,2018-03,2017-12,2017-09,2017-06,2017-03,2016-12,2016-09,2016-06,2016-03,2015-12,2015-09,2015-06,2015-03,2014-12,2014-09,2014-06,2014-03,2013-12,2013-09,2013-06,2013-03,2012-12,2012-09,2012-06,2012-03,2011-12,2011-09,2011-06,2011-03,2010-12,2010-09,2010-06,2010-03,2009-12,2009-09,2009-06,2009-03,2008-12,2008-09,2008-06,2008-03,2007-12,2007-09,2007-06,2007-03,2006-12,2006-09,2006-06,2006-03,2005-12,2005-09,2005-06,2005-03,2004-12,2004-09,2004-06,2004-03,2003-12,2003-09,2003-06,2003-03,2002-12,2002-09,2002-06,2002-03,2001-12,2001-09,2001-06,2001-03,2000-12,2000-09,2000-06,2000-03,1999-12,1999-09,1999-06,1999-03,1998-12,1998-09,1998-06,1998-03,1997-12,1997-09,1997-06,1997-03,1996-12,1996-09,1996-06,1996-03,1995-12,1995-09,1995-06,1995-03,1994-12,1994-09,1994-06,1994-03,1993-12,1993-09,1993-06,1993-03,1992-12,1992-09,1992-06,1992-03,1991-12,1991-09,1991-06,1991-03,1990-12,1990-09,1990-06,1990-03,1989-12,1989-09,1989-06,1989-03,1988-12,1988-09,1988-06,1988-03,1987-12,1987-09,1987-06,1987-03,1986-12,1986-09,1986-06,1986-03,1985-12,1985-09,1985-06,1985-03,1984-12,1984-09,1984-06,1984-03
Operating Revenue,6.282B,5.687B,4.42B,4.004B,4.762B,5.216B,4.083B,3.763B,3.492B,2.999B,3.06B,2.957B,2.788B,2.648B,2.531B,2.123B,2.806B,3.116B,3.469B,3.089B,4.307B,4.904B,5.133B,4.968B,1.887B,6.449B,5.962B,5.872B,2.099B,5.965B,5.768B,6.268B,6.034B,6.006B,6.173B,5.726B,5.063B,4.763B,4.603B,4.616B,3.95B,4.104B,3.687B,3.073B,4.021B,7.06B,7.116B,6.02B,5.517B,4.841B,4.411B,4.015B,4.038B,4.402B,4.47B,4.396B,3.738B,3.857B,3.385B,3.303B,2.593B,3.005B,2.724B,2.557B,2.284B,2.319B,2.266B,2.371B,1.985B,1.963B,1.867B,1.523B,1.384B,1.983B,3.845B,4.475B,3.942B,3.863B,3.195B,2.574B,2.716B,2.113B,1.647B,1.344B,1.901B,1.661B,1.543B,1.70B,1.934B,2.007B,2.717B,1.917B,222.00M,2.786B,2.457B,2.524B,439.00M,2.557B,2.679B,2.714B,2.564B,2.404B,2.162B,2.106B,2.02B,1.916B,2.011B,2.169B,1.896B,2.268B,2.176B,2.154B,2.609B,2.33B,5.056B,5.303B,6.063B,5.35B,5.122B,5.159B,5.049B,4.826B,5.05B,5.143B,5.284B,4.913B,4.744B,4.476B,4.389B,4.222B,4.328B,4.157B,4.169B,3.717B,3.827B,3.631B,3.776B,3.383B,3.679B,3.696B,3.955B,3.862B,3.738B,3.821B
Revenue,6.282B,5.687B,4.42B,4.004B,4.762B,5.216B,4.083B,3.763B,3.492B,2.999B,3.06B,2.957B,2.788B,2.648B,2.531B,2.123B,2.806B,3.116B,3.469B,3.089B,4.307B,4.904B,5.133B,4.968B,1.887B,6.449B,5.962B,5.872B,2.099B,5.965B,5.768B,6.268B,6.034B,6.006B,6.173B,5.726B,5.063B,4.763B,4.603B,4.616B,4.071B,4.104B,3.722B,3.103B,4.284B,7.06B,7.22B,6.074B,6.746B,4.841B,4.411B,4.015B,4.537B,4.402B,4.47B,4.453B,3.799B,4.634B,3.561B,3.34B,2.662B,3.039B,2.743B,2.58B,2.302B,2.349B,2.305B,2.405B,1.985B,1.963B,1.892B,1.548B,1.384B,1.983B,3.908B,4.524B,3.942B,4.08B,3.801B,2.648B,2.716B,2.113B,1.647B,1.344B,1.901B,1.661B,1.543B,1.70B,1.934B,2.007B,2.717B,1.917B,222.00M,2.786B,2.457B,2.524B,439.00M,2.557B,2.679B,2.714B,2.564B,2.404B,2.162B,2.106B,2.02B,1.916B,2.011B,2.169B,1.896B,2.268B,2.176B,2.154B,2.609B,2.33B,5.056B,5.303B,6.063B,5.35B,5.122B,5.159B,5.049B,4.826B,5.05B,5.143B,5.284B,4.913B,4.744B,4.476B,4.389B,4.222B,4.328B,4.157B,4.169B,3.717B,3.827B,3.631B,3.776B,3.383B,3.679B,3.696B,3.955B,3.862B,3.738B,3.821B
Cost of Goods Sold,4.38B,3.85B,2.848B,2.683B,3.009B,2.768B,2.412B,2.284B,2.226B,2.352B,2.475B,2.368B,2.376B,2.384B,2.314B,2.383B,2.63B,2.536B,2.596B,2.586B,2.937B,2.792B,2.715B,2.62B,1.169B,3.214B,3.18B,3.137B,929.00M,3.176B,3.06B,2.95B,2.851B,2.879B,2.72B,2.526B,2.377B,2.323B,2.292B,2.273B,-1.062B,2.186B,2.113B,2.122B,-430.00M,2.905B,2.668B,2.484B,-56.00M,2.423B,2.298B,2.051B,217.00M,2.14B,2.152B,2.006B,573.00M,1.842B,1.695B,1.579B,353.00M,1.461B,1.478B,1.434B,98.00M,1.319B,1.293B,1.326B,209.00M,1.154B,1.184B,1.014B,96.00M,1.21B,2.768B,3.31B,2.128B,2.871B,2.258B,1.608B,1.90B,1.413B,1.113B,894.00M,1.513B,1.198B,1.008B,1.058B,1.327B,1.24B,1.864B,1.154B,-10.00M,1.926B,1.638B,1.65B,329.00M,1.728B,1.752B,1.807B,1.864B,1.73B,1.612B,1.632B,1.562B,1.42B,1.477B,1.599B,1.389B,1.727B,1.67B,1.608B,1.976B,1.809B,4.393B,4.464B,5.036B,4.523B,4.377B,4.288B,4.159B,3.944B,,,,,,,,,,,,,,,,,,,,,,
Gross Profit,1.902B,1.837B,1.572B,1.321B,1.753B,2.448B,1.671B,1.479B,1.266B,647.00M,585.00M,589.00M,412.00M,264.00M,217.00M,-260.00M,176.00M,580.00M,873.00M,503.00M,1.37B,2.112B,2.418B,2.348B,718.00M,3.235B,2.782B,2.735B,1.17B,2.789B,2.708B,3.318B,3.183B,3.127B,3.453B,3.20B,2.686B,2.44B,2.311B,2.343B,5.133B,1.918B,1.609B,981.00M,4.714B,4.155B,4.552B,3.59B,6.802B,2.418B,2.113B,1.964B,4.32B,2.262B,2.318B,2.447B,3.226B,2.792B,1.866B,1.761B,2.309B,1.578B,1.265B,1.146B,2.204B,1.03B,1.012B,1.079B,1.776B,809.00M,708.00M,534.00M,1.288B,773.00M,1.14B,1.214B,1.814B,1.209B,1.543B,1.04B,816.00M,700.00M,534.00M,450.00M,388.00M,463.00M,535.00M,642.00M,607.00M,767.00M,853.00M,763.00M,232.00M,860.00M,819.00M,874.00M,110.00M,829.00M,927.00M,907.00M,700.00M,674.00M,550.00M,474.00M,458.00M,496.00M,534.00M,570.00M,507.00M,541.00M,506.00M,546.00M,633.00M,521.00M,663.00M,839.00M,1.027B,827.00M,745.00M,871.00M,890.00M,882.00M,,,,,,,,,,,,,,,,,,,,,,
SG&A Expense,337.00M,242.00M,163.00M,140.00M,162.00M,151.00M,142.00M,130.00M,-430.00M,352.00M,352.00M,272.00M,404.00M,316.00M,338.00M,272.00M,320.00M,292.00M,347.00M,311.00M,402.00M,355.00M,429.00M,317.00M,197.00M,459.00M,495.00M,393.00M,203.00M,394.00M,335.00M,434.00M,452.00M,242.00M,388.00M,441.00M,488.00M,277.00M,282.00M,349.00M,309.00M,359.00M,362.00M,270.00M,-16.00M,391.00M,406.00M,323.00M,227.00M,415.00M,394.00M,493.00M,353.00M,352.00M,352.00M,351.00M,268.00M,521.00M,315.00M,285.00M,287.00M,242.00M,238.00M,225.00M,249.00M,216.00M,263.00M,187.00M,181.00M,207.00M,161.00M,151.00M,252.00M,157.00M,178.00M,247.00M,-16.00M,262.00M,291.00M,154.00M,157.00M,168.00M,160.00M,172.00M,106.00M,181.00M,213.00M,178.00M,148.00M,254.00M,237.00M,196.00M,82.00M,359.00M,311.00M,250.00M,115.00M,254.00M,353.00M,245.00M,313.00M,252.00M,219.00M,204.00M,187.00M,219.00M,190.00M,185.00M,297.00M,217.00M,224.00M,192.00M,155.00M,365.00M,229.00M,241.00M,410.00M,256.00M,268.00M,261.00M,292.00M,389.00M,,,,,,,,,,,,,,,,,,,,,,
Special Income and Charges,-1.237B,-1.121B,-35.00M,7.00M,-300.00M,712.00M,-2.00M,3.00M,-452.00M,75.00M,512.00M,-13.00M,-522.00M,-161.00M,0.00,60.00M,-6.511B,-3.298B,19.00M,-348.00M,-4.923B,-5.00M,54.00M,0.00,423.00M,0.00,131.00M,,-1.71B,0.00,0.00,,,,,,,,,,,,,,-672.00M,,,,-935.00M,157.00M,308.00M,412.00M,93.00M,6.00M,16.00M,3.00M,0.00,723.00M,143.00M,4.00M,242.00M,,,,1.00M,9.00M,22.00M,,258.00M,-247.00M,-1.00M,-35.00M,110.00M,-5.00M,10.00M,-32.00M,-276.00M,127.00M,543.00M,37.00M,-419.00M,34.00M,16.00M,41.00M,-279.00M,174.00M,377.00M,299.00M,-773.00M,25.00M,34.00M,33.00M,23.00M,85.00M,167.00M,48.00M,35.00M,58.00M,94.00M,57.00M,54.00M,54.00M,33.00M,39.00M,21.00M,49.00M,120.00M,238.00M,209.00M,89.00M,170.00M,215.00M,30.00M,790.00M,253.00M,70.00M,-2.101B,110.00M,100.00M,88.00M,55.00M,139.00M,,,,,,,,,,,,,,,,,,,,,,
Non Income Taxes,275.00M,198.00M,123.00M,111.00M,106.00M,110.00M,115.00M,108.00M,90.00M,76.00M,77.00M,68.00M,67.00M,61.00M,74.00M,75.00M,50.00M,79.00M,107.00M,107.00M,120.00M,135.00M,144.00M,151.00M,-4.00M,186.00M,196.00M,186.00M,0.00,172.00M,167.00M,174.00M,140.00M,152.00M,162.00M,151.00M,128.00M,110.00M,125.00M,121.00M,105.00M,105.00M,110.00M,105.00M,,,171.00M,133.00M,,,,,,,,,,,,,,,,,,,,,,,,,,,,,,,,,,,,,,,,,,,,,,,,,,,,,,,,,,,,,,,,,,,,,,,,,,,,,,,,,,,,,,,,,,,,,,,,
Operating Interest Expense,434.00M,381.00M,153.00M,98.00M,99.00M,96.00M,97.00M,97.00M,87.00M,91.00M,86.00M,81.00M,76.00M,68.00M,88.00M,60.00M,61.00M,48.00M,8.00M,30.00M,19.00M,16.00M,20.00M,22.00M,39.00M,29.00M,30.00M,34.00M,60.00M,36.00M,28.00M,30.00M,31.00M,25.00M,27.00M,215.00M,24.00M,25.00M,30.00M,37.00M,34.00M,40.00M,32.00M,27.00M,,,32.00M,38.00M,,,,,,,,,,,,,,,,,,,,,,,,,,,,,,,,,,,,,,,,,,,,,,,,,,,,,,,,,,,,,,,,,,,,,,,,,,,,,,,,,,,,,,,,,,,,,,,,
Operating Interest Income,42.00M,56.00M,41.00M,78.00M,35.00M,34.00M,38.00M,29.00M,27.00M,20.00M,31.00M,21.00M,34.00M,25.00M,27.00M,20.00M,30.00M,31.00M,26.00M,31.00M,22.00M,31.00M,47.00M,30.00M,18.00M,26.00M,28.00M,35.00M,15.00M,26.00M,24.00M,15.00M,44.00M,70.00M,35.00M,31.00M,24.00M,27.00M,40.00M,21.00M,,22.00M,28.00M,,,,73.00M,60.00M,,,,,,,,,,,,,,,,,,,,,,,,,,,,,,,,,,,,,,,,,,,,,,,,,,,,,,,,,,,,,,,,,,,,,,,,,,,,,,,,,,,,,,,,,,,,,,,,
Net Operating Interest Income,-392.00M,-325.00M,-112.00M,-20.00M,-64.00M,-62.00M,-59.00M,-68.00M,-60.00M,-71.00M,-55.00M,-60.00M,-42.00M,-43.00M,-61.00M,-40.00M,-31.00M,-17.00M,18.00M,1.00M,3.00M,15.00M,27.00M,8.00M,-21.00M,-3.00M,-2.00M,1.00M,-45.00M,-10.00M,-4.00M,-15.00M,13.00M,45.00M,8.00M,-184.00M,0.00,2.00M,10.00M,-16.00M,-114.00M,-18.00M,-4.00M,-27.00M,,,41.00M,22.00M,,,,,,,,,,,,,,,,,,,,,,,,,,,,,,,,,,,,,,,,,,,,,,,,,,,,,,,,,,,,,,,,,,,,,,,,,,,,,,,,,,,,,,,,,,,,,,,,
Other Operating Expenses,1.016B,643.00M,295.00M,274.00M,392.00M,345.00M,281.00M,192.00M,1.108B,8.00M,8.00M,11.00M,17.00M,9.00M,27.00M,9.00M,13.00M,5.00M,10.00M,8.00M,59.00M,28.00M,39.00M,24.00M,-56.00M,68.00M,78.00M,50.00M,-66.00M,69.00M,96.00M,98.00M,73.00M,39.00M,62.00M,84.00M,54.00M,83.00M,69.00M,56.00M,,10.00M,,,,,,,,,,,,,,,,,,,,,,,,,,,,,,,,,,,,,,-1.38B,,,,,,,,,,,,,,,,,,,,,,,,,,,,,,,,,,,,,,,,,,,,,,,,,,,,,,,,,,,,,,,,
Total Operating Expenses,1.628B,1.083B,581.00M,525.00M,660.00M,606.00M,538.00M,430.00M,768.00M,436.00M,437.00M,351.00M,488.00M,386.00M,439.00M,356.00M,383.00M,376.00M,464.00M,426.00M,581.00M,518.00M,612.00M,492.00M,137.00M,713.00M,769.00M,629.00M,137.00M,635.00M,598.00M,706.00M,665.00M,433.00M,612.00M,676.00M,670.00M,470.00M,476.00M,526.00M,3.091B,474.00M,472.00M,375.00M,3.282B,391.00M,577.00M,456.00M,3.16B,415.00M,394.00M,493.00M,2.361B,352.00M,352.00M,351.00M,1.64B,521.00M,315.00M,285.00M,1.538B,242.00M,238.00M,225.00M,1.424B,216.00M,263.00M,187.00M,1.193B,207.00M,161.00M,151.00M,1.217B,157.00M,178.00M,247.00M,892.00M,262.00M,291.00M,-1.041B,376.00M,366.00M,363.00M,369.00M,310.00M,383.00M,434.00M,408.00M,383.00M,480.00M,483.00M,400.00M,163.00M,595.00M,538.00M,474.00M,207.00M,489.00M,588.00M,483.00M,550.00M,481.00M,443.00M,411.00M,423.00M,447.00M,412.00M,406.00M,578.00M,424.00M,425.00M,391.00M,463.00M,540.00M,468.00M,474.00M,750.00M,514.00M,523.00M,514.00M,661.00M,649.00M,,,,,,,,,,,,,,,,,,,,,,
Operating Income,274.00M,754.00M,991.00M,796.00M,1.093B,1.842B,1.133B,1.049B,498.00M,211.00M,148.00M,238.00M,-76.00M,-122.00M,-222.00M,-616.00M,-207.00M,204.00M,409.00M,77.00M,789.00M,1.594B,1.806B,1.856B,581.00M,2.522B,2.013B,2.106B,1.033B,2.154B,2.11B,2.612B,2.518B,2.694B,2.841B,2.524B,2.016B,1.97B,1.835B,1.817B,2.042B,1.444B,1.137B,606.00M,1.432B,3.764B,3.975B,3.134B,3.642B,2.003B,1.719B,1.471B,1.959B,1.91B,1.966B,2.096B,1.586B,2.271B,1.551B,1.476B,771.00M,1.336B,1.027B,921.00M,780.00M,814.00M,749.00M,892.00M,583.00M,602.00M,547.00M,383.00M,71.00M,616.00M,962.00M,967.00M,922.00M,947.00M,1.252B,2.081B,440.00M,334.00M,171.00M,81.00M,78.00M,80.00M,101.00M,234.00M,224.00M,287.00M,370.00M,363.00M,69.00M,265.00M,281.00M,400.00M,-97.00M,340.00M,339.00M,424.00M,150.00M,193.00M,107.00M,63.00M,35.00M,49.00M,122.00M,164.00M,-71.00M,117.00M,81.00M,155.00M,170.00M,-19.00M,195.00M,365.00M,277.00M,313.00M,222.00M,357.00M,229.00M,233.00M,5.05B,5.143B,-13.09B,4.913B,4.744B,4.476B,-11.68B,4.222B,4.328B,4.157B,-10.36B,3.717B,3.827B,3.631B,-9.720B,3.383B,3.679B,3.696B,-9.885B,3.862B,3.738B,3.821B
Non-Operating Interest Income,42.00M,56.00M,41.00M,78.00M,35.00M,34.00M,38.00M,29.00M,27.00M,20.00M,31.00M,21.00M,34.00M,25.00M,27.00M,20.00M,30.00M,31.00M,26.00M,31.00M,22.00M,31.00M,47.00M,30.00M,18.00M,26.00M,28.00M,35.00M,15.00M,26.00M,24.00M,15.00M,44.00M,70.00M,35.00M,31.00M,24.00M,27.00M,40.00M,21.00M,,22.00M,28.00M,,,,73.00M,60.00M,,,,,,,,,,,,,,,,,,,,,,,,,,,,,,,,,,,,,,,,,,,,,,,,,,,,,,,,,,,,,,,,,,,,,,,,,,,,,,,,,,,,,,,,,,,,,,,,
Non-Operating Interest Expense,434.00M,381.00M,153.00M,98.00M,99.00M,96.00M,97.00M,97.00M,87.00M,91.00M,86.00M,81.00M,76.00M,68.00M,88.00M,60.00M,61.00M,48.00M,8.00M,30.00M,19.00M,16.00M,20.00M,22.00M,39.00M,29.00M,30.00M,34.00M,60.00M,36.00M,28.00M,30.00M,31.00M,25.00M,27.00M,215.00M,24.00M,25.00M,30.00M,37.00M,34.00M,40.00M,32.00M,27.00M,,,32.00M,38.00M,,,,,,,,,,,,,,,,,,,,,,,,,,,,,,,,,,,,,,,,,,,,,,,,,,,,,,,,,,,,,,,,,,,,,,,,,,,,,,,,,,,,,,,,,,,,,,,,
Net Non-Operating Interest Income Expense,-392.00M,-325.00M,-112.00M,-20.00M,-64.00M,-62.00M,-59.00M,-68.00M,-60.00M,-71.00M,-55.00M,-60.00M,-42.00M,-43.00M,-61.00M,-40.00M,-31.00M,-17.00M,18.00M,1.00M,3.00M,15.00M,27.00M,8.00M,-21.00M,-3.00M,-2.00M,1.00M,-45.00M,-10.00M,-4.00M,-15.00M,13.00M,45.00M,8.00M,-184.00M,0.00,2.00M,10.00M,-16.00M,-114.00M,-18.00M,-4.00M,-27.00M,,,41.00M,22.00M,,,,,,,,,,,,,,,,,,,,,,,,,,,,,,,,,,,,,,,,,,,,,,,,,,,,,,,,,,,,,,,,,,,,,,,,,,,,,,,,,,,,,,,,,,,,,,,,
Other Income and Expenses,-872.00M,-1.05B,-35.00M,7.00M,-197.00M,799.00M,-2.00M,3.00M,-95.00M,75.00M,512.00M,-13.00M,-522.00M,-161.00M,0.00,60.00M,-6.511B,-3.298B,19.00M,-348.00M,-4.923B,-5.00M,54.00M,0.00,423.00M,0.00,131.00M,,0.00,0.00,0.00,,,0.00,0.00,22.00M,-276.00M,6.00M,-6.00M,1.00M,,,,42.00M,-840.00M,57.00M,,,-988.00M,182.00M,326.00M,422.00M,108.00M,62.00M,59.00M,72.00M,66.00M,773.00M,188.00M,75.00M,271.00M,43.00M,26.00M,15.00M,0.00,24.00M,15.00M,-16.00M,-2.00M,-222.00M,8.00M,-35.00M,-331.00M,-33.00M,10.00M,-32.00M,-383.00M,149.00M,543.00M,37.00M,-419.00M,34.00M,16.00M,41.00M,-279.00M,174.00M,377.00M,299.00M,-773.00M,25.00M,34.00M,33.00M,23.00M,85.00M,167.00M,48.00M,35.00M,58.00M,94.00M,57.00M,54.00M,54.00M,33.00M,39.00M,21.00M,49.00M,120.00M,238.00M,209.00M,89.00M,170.00M,215.00M,30.00M,790.00M,253.00M,70.00M,-2.101B,110.00M,100.00M,88.00M,55.00M,139.00M,,,,,,,,,,,,,,,,,,,,,,
Net Interest Income,-392.00M,-325.00M,-112.00M,-20.00M,-64.00M,-62.00M,-59.00M,-68.00M,-60.00M,-71.00M,-55.00M,-60.00M,-42.00M,-43.00M,-61.00M,-40.00M,-31.00M,-17.00M,18.00M,1.00M,3.00M,15.00M,27.00M,8.00M,-21.00M,-3.00M,-2.00M,1.00M,-45.00M,-10.00M,-4.00M,-15.00M,13.00M,45.00M,8.00M,-184.00M,0.00,2.00M,10.00M,-16.00M,-114.00M,-18.00M,-4.00M,-27.00M,,,41.00M,22.00M,,,,,,,,,,,,,,,,,,,,,,,,,,,,,,,,,,,,,,,,,,,,,,,,,,,,,,,,,,,,,,,,,,,,,,,,,,,,,,,,,,,,,,,,,,,,,,,,
Pre-Tax Income,-990.00M,-621.00M,844.00M,783.00M,832.00M,2.579B,1.072B,984.00M,343.00M,215.00M,605.00M,165.00M,-640.00M,-326.00M,-283.00M,-596.00M,-6.749B,-3.111B,446.00M,-270.00M,-4.131B,1.604B,1.887B,1.864B,983.00M,2.519B,2.142B,2.107B,-722.00M,2.144B,2.106B,2.597B,2.509B,2.739B,2.849B,2.362B,1.74B,1.978B,1.839B,1.802B,1.928B,1.426B,1.105B,579.00M,533.00M,3.799B,3.943B,3.096B,2.507B,2.169B,2.052B,1.85B,1.642B,2.013B,1.984B,2.116B,1.525B,2.175B,1.49B,1.401B,847.00M,1.234B,965.00M,850.00M,767.00M,746.00M,664.00M,761.00M,566.00M,308.00M,462.00M,309.00M,242.00M,512.00M,812.00M,819.00M,639.00M,752.00M,1.053B,567.00M,888.00M,259.00M,68.00M,-16.00M,-58.00M,118.00M,333.00M,295.00M,-231.00M,205.00M,295.00M,288.00M,-15.00M,235.00M,328.00M,308.00M,-205.00M,251.00M,293.00M,332.00M,54.00M,105.00M,-8.00M,-44.00M,-94.00M,-40.00M,106.00M,245.00M,-18.00M,41.00M,90.00M,208.00M,25.00M,512.00M,216.00M,205.00M,-2.083B,176.00M,79.00M,205.00M,33.00M,122.00M,,,,,,,,,,,,,,,,,,,,,,
Provision for Income Taxes,46.00M,116.00M,306.00M,225.00M,126.00M,710.00M,302.00M,339.00M,-431.00M,85.00M,285.00M,78.00M,-333.00M,-30.00M,-96.00M,-203.00M,-1.19B,-445.00M,324.00M,-19.00M,-617.00M,699.00M,809.00M,794.00M,432.00M,1.037B,901.00M,844.00M,-210.00M,855.00M,875.00M,1.139B,949.00M,1.087B,1.111B,1.054B,618.00M,822.00M,809.00M,746.00M,818.00M,549.00M,455.00M,241.00M,118.00M,1.546B,1.671B,1.294B,1.057B,862.00M,904.00M,684.00M,771.00M,858.00M,851.00M,907.00M,657.00M,574.00M,26.00M,601.00M,401.00M,495.00M,384.00M,363.00M,308.00M,300.00M,290.00M,333.00M,243.00M,-168.00M,221.00M,126.00M,-148.00M,69.00M,339.00M,308.00M,306.00M,351.00M,489.00M,296.00M,401.00M,133.00M,56.00M,41.00M,-20.00M,80.00M,147.00M,156.00M,-53.00M,75.00M,137.00M,161.00M,10.00M,41.00M,147.00M,144.00M,-59.00M,112.00M,106.00M,154.00M,54.00M,82.00M,11.00M,-4.00M,-111.00M,61.00M,31.00M,162.00M,-11.00M,-28.00M,47.00M,187.00M,22.00M,364.00M,81.00M,122.00M,-105.00M,65.00M,10.00M,95.00M,3.00M,56.00M,,,,,,,,,,,,,,,,,,,,,,
Income from Continuing Operations,-1.036B,-737.00M,635.00M,631.00M,706.00M,1.869B,848.00M,708.00M,497.00M,190.00M,507.00M,117.00M,-268.00M,-238.00M,-136.00M,-360.00M,-5.505B,-2.606B,180.00M,-215.00M,-3.426B,998.00M,1.161B,1.137B,658.00M,1.588B,1.327B,1.359B,-442.00M,1.379B,1.332B,1.56B,1.641B,1.775B,1.819B,1.405B,1.206B,1.225B,1.089B,1.121B,1.183B,943.00M,696.00M,380.00M,564.00M,2.272B,2.337B,1.848B,1.448B,1.316B,1.145B,1.169B,870.00M,1.103B,1.142B,1.153B,904.00M,1.657B,1.48B,850.00M,574.00M,759.00M,584.00M,489.00M,388.00M,446.00M,374.00M,393.00M,323.00M,476.00M,241.00M,123.00M,-247.00M,443.00M,473.00M,511.00M,333.00M,401.00M,564.00M,271.00M,487.00M,126.00M,12.00M,-57.00M,-38.00M,38.00M,186.00M,139.00M,-178.00M,130.00M,158.00M,127.00M,-25.00M,194.00M,181.00M,164.00M,-146.00M,139.00M,187.00M,178.00M,0.00,23.00M,-19.00M,-40.00M,17.00M,-101.00M,75.00M,83.00M,-7.00M,69.00M,43.00M,21.00M,3.00M,148.00M,135.00M,83.00M,-1.978B,111.00M,69.00M,110.00M,30.00M,66.00M,84.00M,76.00M,7.00M,108.00M,87.00M,111.00M,2.00M,46.00M,59.00M,77.00M,20.10M,39.10M,38.70M,74.20M,33.70M,200.80M,137.70M,82.80M,184.20M,152.90M,125.00M,92.70M
Income from Discontinued Operations,0.00,-15.00M,,,0.00,0.00,,,,,,,-4.00M,-3.00M,-3.00M,438.00M,327.00M,-3.00M,-4.00M,-3.00M,19.00M,213.00M,273.00M,255.00M,985.00M,-5.00M,-5.00M,-4.00M,778.00M,-4.00M,-4.00M,-1.00M,-7.00M,-4.00M,-2.00M,144.00M,20.00M,-12.00M,-14.00M,-33.00M,-229.00M,-2.00M,-2.00M,-3.00M,-5.00M,-1.00M,-3.00M,27.00M,4.00M,8.00M,267.00M,43.00M,60.00M,67.00M,-282.00M,78.00M,260.00M,87.00M,56.00M,-4.00M,168.00M,-1.00M,-3.00M,-2.00M,,,,,-1.00M,-74.00M,-1.00M,-3.00M,-3.00M,1.00M,,,,,,,,,,,0.00,,,38.00M,-706.00M,27.00M,,52.00M,,,,,,,,,,,,,40.00M,181.00M,,,,,,,0.00,-52.00M,,,,,,,,,,,,,,,,,,,,,,,,,,,,,,
"Extraordinary Items, Income Statement",,,,,,,,,,,,,,,,,,,,,,,,,,,,,,,,,,,,,,,,,,,,,,,,,,,,,,,,,0.00,3.00M,,,,,,,0.00,,,-68.00M,0.00,,,-95.00M,0.00,,,-24.00M,,,,,0.00,,,-13.00M,,,,,,,,,,,,,,,,,,,,,,,,,,,,,,,,,,,,,,,,,,,,,,,,,,,,,,,,,,,,
Income Attributable to Minority Interest,-103.00M,-42.00M,,,0.00,0.00,,,,,,,,,,,,0.00,,,-6.00M,-3.00M,-3.00M,-2.00M,,0.00,0.00,0.00,,,,,,,,,-14.00M,-22.00M,-12.00M,-24.00M,-16.00M,-14.00M,-12.00M,-9.00M,-12.00M,-38.00M,-37.00M,-29.00M,,-16.00M,-21.00M,-7.00M,-16.00M,-24.00M,-34.00M,-37.00M,-30.00M,6.00M,-29.00M,-21.00M,-16.00M,-23.00M,-23.00M,-13.00M,-13.00M,-11.00M,-19.00M,-19.00M,-14.00M,-22.00M,-16.00M,-25.00M,-26.00M,-41.00M,-44.00M,-32.00M,-44.00M,-55.00M,-56.00M,-30.00M,-22.00M,-16.00M,-11.00M,-9.00M,,,,,,,,,,,,,,,,,0.00,-1.00M,,-1.00M,0.00,,-1.00M,,1.00M,-2.00M,-1.00M,-2.00M,-1.00M,-2.00M,4.00M,3.00M,-7.00M,-7.00M,-10.00M,-5.00M,-8.00M,-8.00M,,,,,,,,,,,,,,,,,,,,,,
Preferred Stock Dividend,200.00M,118.00M,,,,,,,,,,,,,,,,,,,,,,,,,,,,,,,,,,,,,,,,,,,,,,,,,,,,,,,,,,,,,,,,,,,,,,,,,,,,,,,0.00,,3.00M,4.00M,4.00M,4.00M,5.00M,4.00M,21.00M,21.00M,23.00M,23.00M,24.00M,23.00M,23.00M,23.00M,23.00M,24.00M,23.00M,23.00M,20.00M,20.00M,19.00M,17.00M,10.00M,12.00M,11.00M,5.00M,0.00,1.00M,1.00M,1.00M,1.00M,2.00M,2.00M,2.00M,1.00M,2.00M,2.00M,2.00M,1.00M,2.00M,,,,,,,,,,,,,,,,,,,,,,
Net Income,-1.139B,-794.00M,635.00M,631.00M,706.00M,1.869B,848.00M,708.00M,497.00M,190.00M,507.00M,117.00M,-272.00M,-241.00M,-139.00M,78.00M,-5.178B,-2.609B,176.00M,-218.00M,-3.413B,1.208B,1.431B,1.39B,1.643B,1.583B,1.322B,1.355B,336.00M,1.375B,1.328B,1.559B,1.634B,1.771B,1.817B,1.549B,1.212B,1.191B,1.063B,1.064B,938.00M,927.00M,682.00M,368.00M,443.00M,2.271B,2.297B,1.846B,1.452B,1.324B,1.412B,1.212B,930.00M,1.17B,860.00M,1.231B,1.164B,1.747B,1.536B,846.00M,742.00M,758.00M,581.00M,487.00M,382.00M,446.00M,374.00M,325.00M,322.00M,402.00M,240.00M,25.00M,-247.00M,444.00M,473.00M,484.00M,333.00M,402.00M,564.00M,271.00M,383.00M,126.00M,9.00M,-70.00M,-38.00M,38.00M,186.00M,177.00M,-884.00M,157.00M,158.00M,179.00M,159.00M,194.00M,181.00M,134.00M,7.00M,139.00M,187.00M,178.00M,0.00,23.00M,-19.00M,-40.00M,57.00M,71.00M,75.00M,80.00M,-825.00M,61.00M,75.00M,98.00M,132.00M,171.00M,147.00M,83.00M,-1.978B,111.00M,69.00M,110.00M,30.00M,66.00M,84.00M,76.00M,7.00M,108.00M,87.00M,111.00M,2.00M,46.00M,59.00M,77.00M,20.10M,39.10M,38.70M,74.20M,33.70M,200.80M,137.70M,82.80M,184.20M,152.90M,125.00M,92.70M
Normalized Income,-430.17M,63.42M,658.45M,625.82M,960.57M,1.356B,849.48M,705.96M,768.20M,138.25M,179.32M,124.80M,45.20M,-94.71M,-136.00M,-398.40M,-142.04M,197.30M,168.60M,105.16M,755.71M,998.25M,1.123B,1.135B,383.05M,1.588B,1.248B,1.359B,770.63M,1.379B,1.332B,1.56B,1.641B,1.775B,1.819B,1.405B,1.192B,1.203B,1.077B,1.097B,1.167B,929.00M,684.00M,371.00M,971.23M,2.272B,2.30B,1.819B,2.056B,1.221B,944.80M,909.33M,814.20M,1.099B,1.132B,1.151B,904.00M,1.125B,1.339B,847.60M,428.80M,759.00M,584.00M,489.00M,387.40M,440.60M,360.80M,393.00M,168.20M,624.20M,241.60M,144.00M,-313.00M,447.33M,467.00M,530.97M,498.60M,324.80M,238.20M,248.80M,738.40M,105.60M,2.40M,-81.60M,144.79M,-66.40M,-40.20M,-40.40M,417.65M,114.15M,137.60M,107.20M,-38.80M,123.83M,80.80M,135.20M,-170.93M,104.20M,127.01M,143.80M,-32.40M,-9.40M,-38.80M,-75.45M,4.40M,-130.40M,-9.906M,-59.80M,-132.40M,15.60M,-59.00M,-108.00M,-15.00M,-326.00M,-23.12M,41.00M,17.09M,41.62M,-18.34M,57.20M,-20.00M,-17.40M,,,,,,,,,,,,,,,,,,,,,,
EBITDA,1.715B,1.466B,2.028B,1.854B,2.017B,3.698B,2.116B,2.002B,1.506B,1.301B,1.68B,1.188B,486.00M,788.00M,875.00M,566.00M,-5.412B,-1.94B,1.57B,789.00M,-2.908B,2.676B,2.931B,2.863B,1.329B,3.882B,3.475B,3.40B,-397.00M,3.328B,3.221B,3.712B,3.478B,3.688B,3.715B,3.467B,2.564B,2.795B,2.667B,2.602B,2.352B,2.235B,1.879B,1.392B,1.538B,4.447B,4.596B,3.787B,4.223B,2.605B,2.283B,2.045B,2.521B,2.426B,2.433B,2.559B,1.923B,2.633B,1.88B,1.82B,1.053B,1.657B,1.351B,1.245B,1.087B,1.111B,1.035B,1.177B,843.00M,847.00M,800.00M,644.00M,319.00M,856.00M,1.199B,1.212B,1.143B,1.215B,1.486B,2.266B,659.00M,532.00M,374.00M,278.00M,282.00M,282.00M,322.00M,464.00M,459.00M,513.00M,654.00M,567.00M,150.00M,501.00M,508.00M,624.00M,-5.00M,575.00M,574.00M,662.00M,387.00M,422.00M,331.00M,270.00M,271.00M,277.00M,344.00M,385.00M,210.00M,324.00M,282.00M,354.00M,478.00M,156.00M,434.00M,598.00M,617.00M,571.00M,477.00M,610.00M,598.00M,493.00M,5.05B,5.143B,-13.09B,4.913B,4.744B,4.476B,-11.68B,4.222B,4.328B,4.157B,-10.36B,3.717B,3.827B,3.631B,-9.720B,3.383B,3.679B,3.696B,-9.885B,3.862B,3.738B,3.821B
Reconciled Depreciation,2.271B,1.706B,1.031B,973.00M,1.086B,1.023B,947.00M,921.00M,1.076B,995.00M,989.00M,942.00M,1.05B,1.046B,1.07B,1.102B,1.276B,1.123B,1.116B,1.029B,1.204B,1.056B,1.024B,977.00M,307.00M,1.334B,1.303B,1.259B,265.00M,1.148B,1.087B,1.085B,938.00M,924.00M,839.00M,890.00M,800.00M,792.00M,798.00M,763.00M,390.00M,769.00M,742.00M,786.00M,753.00M,683.00M,621.00M,653.00M,639.00M,602.00M,564.00M,574.00M,562.00M,516.00M,467.00M,463.00M,337.00M,362.00M,329.00M,344.00M,282.00M,321.00M,324.00M,324.00M,307.00M,297.00M,286.00M,285.00M,260.00M,245.00M,253.00M,261.00M,248.00M,240.00M,237.00M,245.00M,221.00M,268.00M,234.00M,185.00M,219.00M,198.00M,203.00M,197.00M,204.00M,202.00M,221.00M,230.00M,235.00M,110.00M,284.00M,204.00M,81.00M,236.00M,227.00M,224.00M,92.00M,235.00M,235.00M,238.00M,237.00M,229.00M,224.00M,207.00M,236.00M,228.00M,222.00M,221.00M,281.00M,206.00M,201.00M,199.00M,308.00M,175.00M,239.00M,233.00M,340.00M,258.00M,255.00M,253.00M,369.00M,260.00M,,,,,,,,,,,,,,,,,,,,,,
EBIT,-556.00M,-240.00M,997.00M,881.00M,931.00M,2.675B,1.169B,1.081B,430.00M,306.00M,691.00M,246.00M,-564.00M,-258.00M,-195.00M,-536.00M,-6.688B,-3.063B,454.00M,-240.00M,-4.112B,1.62B,1.907B,1.886B,1.022B,2.548B,2.172B,2.141B,-662.00M,2.18B,2.134B,2.627B,2.54B,2.764B,2.876B,2.577B,1.764B,2.003B,1.869B,1.839B,1.962B,1.466B,1.137B,606.00M,785.00M,3.764B,3.975B,3.134B,3.584B,2.003B,1.719B,1.471B,1.959B,1.91B,1.966B,2.096B,1.586B,2.271B,1.551B,1.476B,771.00M,1.336B,1.027B,921.00M,780.00M,814.00M,749.00M,892.00M,583.00M,602.00M,547.00M,383.00M,71.00M,616.00M,962.00M,967.00M,922.00M,947.00M,1.252B,2.081B,440.00M,334.00M,171.00M,81.00M,78.00M,80.00M,101.00M,234.00M,224.00M,287.00M,370.00M,363.00M,69.00M,265.00M,281.00M,400.00M,-97.00M,340.00M,339.00M,424.00M,150.00M,193.00M,107.00M,63.00M,35.00M,49.00M,122.00M,164.00M,-71.00M,117.00M,81.00M,155.00M,170.00M,-19.00M,195.00M,365.00M,277.00M,313.00M,222.00M,357.00M,229.00M,233.00M,5.05B,5.143B,-13.09B,4.913B,4.744B,4.476B,-11.68B,4.222B,4.328B,4.157B,-10.36B,3.717B,3.827B,3.631B,-9.720B,3.383B,3.679B,3.696B,-9.885B,3.862B,3.738B,3.821B
EPS Basic from Continuing Operations,-1.50,-1.06,0.84,0.84,0.93,2.44,1.10,0.92,0.65,0.25,0.66,0.15,-0.35,-0.31,-0.18,-0.47,-7.21,-3.41,0.23,-0.28,-4.36,1.28,1.48,1.43,2.05,1.97,1.65,1.69,0.45,1.70,1.64,1.92,2.02,2.18,2.23,1.72,1.47,1.48,1.32,1.35,1.44,1.14,0.84,0.45,0.56,2.79,2.79,2.21,1.74,1.58,1.36,1.39,1.03,1.29,1.33,1.36,1.11,2.05,1.84,1.06,0.715,0.955,0.74,0.625,0.255,0.58,0.49,0.52,0.43,0.63,0.32,0.165,-0.335,0.595,0.635,0.69,0.435,0.545,0.765,0.37,0.53,0.175,0.015,-0.085,-0.0604,0.025,0.255,0.0975,-0.30,0.16,0.175,0.16,0.2050,0.22,0.195,0.10,-0.27,0.18,0.255,0.245,-0.03,0.005,-0.06,-0.095,-0.43,-0.18,0.105,0.13,-0.01,0.115,0.07,0.035,0.0033,0.245,0.225,0.135,-3.39,0.185,0.115,0.19,0.05,0.12,0.155,0.135,,0.195,0.195,0.255,,0.10,0.115,0.19,,0.06,0.06,0.23,,0.66,0.335,0.06,,0.45,0.31,0.11
EPS Basic from Discontinued Operations,0.00,-0.02,,,0.00,0.00,,,0.00,,,,-0.01,-0.01,0.00,0.57,0.43,-0.01,0.00,0.00,0.02,0.27,0.35,0.32,-0.01,-0.01,-0.01,-0.01,-0.03,-0.01,0.00,0.00,-0.01,-0.01,0.00,0.18,0.02,-0.02,-0.01,-0.04,-0.28,0.00,0.00,0.00,-0.01,0.00,0.00,0.03,0.01,0.01,0.32,0.05,0.07,0.08,-0.33,0.09,0.32,0.11,0.07,-0.005,-0.19,0.00,0.00,-0.005,0.16,0.00,0.00,0.00,0.00,-0.095,0.00,-0.005,0.00,0.00,0.00,-0.035,0.015,0.00,0.00,0.00,0.005,0.00,-0.005,-0.02,0.00,0.00,0.00,0.0275,-1.06,0.04,0.03,0.08,,0.00,0.00,-0.045,0.24,0.00,0.00,0.00,0.00,0.00,0.00,0.00,0.485,0.295,0.00,-0.005,-1.195,-0.015,0.055,0.16,0.00,-0.09,0.02,0.00,0.00,0.00,0.00,0.00,0.00,0.00,0.00,0.00,,0.00,0.00,0.00,,0.00,0.00,0.00,,0.00,0.00,0.00,,0.00,0.00,0.00,,0.00,0.00,0.00
EPS Basic from Extraordinaries,,,,,,,,,,,,,,,,,,,,,,,,,,,,,,,,,,,,,,,,,,,,,,,,,,,,,,,,,0.00,0.00,,,,,,,0.00,,,0.00,0.00,,,0.00,0.00,,,0.00,,,,,0.00,,,0.00,,,,,,,,,,,,,,,,,,,,,,,,,,,,,,,,,,,,,,,,,,,,,,,,,,,,,,,,,,,,
EPS Basic from Tax Loss Carryforward,,,,,,,,,,,,,,,,,,,,,,,,,,,,,,,,,,,,,,,,,,,,,,,,,,,,,,,,,,,,,,,,,,,,,,,,,,,,-0.0041,0.0000,0.0014,,,-0.1460,,-0.005,,,,,,,,,,0.00,,,-0.0470,,,,,,,,,0.0011,-0.0153,,-0.005,-0.3237,-0.0133,0.0541,0.1548,0.2142,0.1243,0.0203,,,,,,,,,,,,,,,,,,,,,,,,,,,,,
Normalized Basic EPS,-0.7077,-0.0639,0.8713,0.8331,1.268,1.767,1.102,0.9173,1.004,0.1824,0.2316,0.1602,0.0599,-0.1224,-0.18,-0.5203,-0.1831,0.2626,0.2151,0.1360,1.055,1.284,1.435,1.43,1.707,1.97,1.552,1.69,1.953,1.70,1.64,1.92,2.02,2.18,2.23,1.72,1.47,1.48,1.32,1.35,1.44,1.14,0.84,0.45,1.206,2.79,2.79,2.21,2.357,1.466,1.121,1.081,0.9642,1.286,1.319,1.358,1.11,1.392,1.665,1.057,0.5335,0.955,0.74,0.625,0.2542,0.5730,0.4728,0.52,0.2242,0.8265,0.3208,0.1930,-0.4234,0.6008,0.6269,0.7170,0.6600,0.4418,0.3233,0.3398,0.8450,0.1467,-0.001,-0.1199,0.2025,-0.1259,-0.0637,-0.1595,0.5657,0.1367,0.1440,0.1295,0.1841,0.1297,0.0713,0.0549,-0.3082,0.1255,0.1617,0.1909,-0.0799,-0.049,-0.0913,-0.1541,-0.4468,-0.2298,-0.0343,-0.108,-0.2231,0.026,-0.1023,-0.2243,-0.0266,-0.5403,-0.0422,0.065,-0.0602,0.0673,-0.0349,0.0971,-0.0400,-0.0364,0.155,0.135,,0.195,0.195,0.255,,0.10,0.115,0.19,,0.06,0.06,0.23,,0.66,0.335,0.06,,0.45,0.31,0.11
EPS Basic,-1.50,-1.08,0.84,0.84,0.93,2.44,1.10,0.92,0.65,0.25,0.66,0.15,-0.36,-0.32,-0.18,0.10,-6.78,-3.42,0.23,-0.28,-4.34,1.55,1.83,1.75,2.04,1.96,1.64,1.68,0.42,1.69,1.64,1.92,2.01,2.17,2.23,1.90,1.49,1.46,1.31,1.31,1.16,1.14,0.84,0.45,0.55,2.79,2.79,2.24,1.75,1.59,1.68,1.44,1.10,1.37,1.00,1.45,1.435,2.16,1.91,1.055,0.525,0.955,0.74,0.62,0.505,0.58,0.49,0.43,0.43,0.535,0.32,0.035,-0.335,0.595,0.635,0.655,0.45,0.545,0.765,0.37,0.535,0.175,0.01,-0.105,-0.0604,0.025,0.255,0.125,-1.36,0.20,0.205,0.24,0.2050,0.22,0.195,0.055,-0.03,0.18,0.255,0.245,-0.03,0.005,-0.06,-0.095,0.055,0.10,0.105,0.125,-1.365,0.10,0.125,0.195,0.2175,0.28,0.245,0.135,-3.39,0.185,0.115,0.19,0.05,0.12,0.155,0.135,,0.195,0.195,0.255,,0.10,0.115,0.19,,0.06,0.06,0.23,,0.66,0.335,0.06,,0.45,0.31,0.11
EPS Diluted from Continuing Operations,-1.50,-1.06,0.84,0.84,0.93,2.44,1.10,0.92,0.6485,0.25,0.66,0.15,-0.3507,-0.31,-0.18,-0.47,-7.213,-3.41,0.23,-0.28,-4.36,1.28,1.47,1.43,2.05,1.97,1.64,1.69,0.45,1.70,1.64,1.92,2.02,2.18,2.23,1.72,1.47,1.48,1.32,1.35,1.43,1.14,0.84,0.45,0.56,2.78,2.78,2.19,1.74,1.57,1.36,1.38,1.02,1.28,1.32,1.34,1.09,2.01,1.815,1.045,0.71,0.94,0.73,0.62,0.255,0.57,0.485,0.515,0.425,0.625,0.315,0.165,-0.365,0.59,0.63,0.685,0.435,0.545,0.765,0.37,0.51,0.175,0.015,-0.085,-0.0604,0.025,0.245,0.095,-1.195,0.155,0.17,0.155,0.2050,0.21,0.195,0.10,-0.27,0.18,0.245,0.245,-0.03,0.005,-0.06,-0.095,-0.43,-0.18,0.105,0.13,-0.01,0.115,0.07,0.035,0.0033,0.245,0.225,0.135,-3.39,0.185,0.115,0.19,0.05,0.12,0.155,0.135,,0.195,0.195,0.255,,0.10,0.115,0.19,,0.06,0.06,0.23,,0.66,0.335,0.06,,0.45,0.31,0.11
EPS Diluted from Discontinued Operations,0.00,-0.02,,,0.00,0.00,,,0.00,,,,-0.01,-0.01,0.00,0.57,0.4285,-0.01,0.00,0.00,0.02,0.27,0.35,0.32,-0.01,-0.01,-0.01,-0.01,-0.03,-0.01,0.00,0.00,-0.01,-0.01,0.00,0.18,0.02,-0.02,-0.01,-0.04,-0.28,0.00,0.00,0.00,-0.01,0.00,0.00,0.03,0.01,0.01,0.32,0.05,0.07,0.08,-0.33,0.09,0.32,0.11,0.07,-0.005,-0.19,0.00,0.00,-0.005,0.00,0.00,0.00,0.00,0.00,-0.095,0.00,-0.005,0.00,0.00,0.00,-0.035,0.00,0.00,0.00,0.00,0.005,0.00,-0.005,-0.02,0.00,0.00,0.00,0.0275,-1.06,0.035,0.025,0.075,,0.00,0.00,-0.045,0.24,0.00,0.00,0.00,0.00,0.00,0.00,0.00,0.485,0.295,0.00,-0.005,-1.195,-0.015,0.055,0.16,0.00,-0.09,0.02,0.00,0.00,0.00,0.00,0.00,0.00,0.00,0.00,0.00,,0.00,0.00,0.00,,0.00,0.00,0.00,,0.00,0.00,0.00,,0.00,0.00,0.00,,0.00,0.00,0.00
EPS Diluted from Extraordinaries,,,,,,,,,,,,,,,,,,,,,,,,,,,,,,,,,,,,,,,,,,,,,,,,,,,,,,,,,-0.0000,0.0036,,,,,,,-0.0002,,,-0.0897,0.0000,,,-0.1268,0.0000,,,-0.0324,,,,,0.0008,,,-0.0184,,,,,,,,,,,,,,,,,,,,,,,,,,,,,,,,,,,,,,,,,,,,,,,,,,,,,,,,,,,,
EPS Diluted from Tax Loss Carryforward,,,,,,,,,,,,,,,,,,,,,,,,,,,,,,,,,,,,,,,,,,,,,,,,,,,,,,,,,,,,,,,,,,,,,,,,,,,,-0.0041,0.0000,0.0014,,,-0.1460,,-0.005,,,,,,,,,,0.00,,,-0.0470,,,,,,,,,0.0011,-0.0153,,-0.005,-0.3237,-0.0133,0.0541,0.1548,0.2142,0.1243,0.0203,,,,,,,,,,,,,,,,,,,,,,,,,,,,,
Normalized Diluted EPS,-0.7077,-0.0639,0.8713,0.8331,1.267,1.768,1.102,0.9173,1.002,0.1825,0.2322,0.1602,0.0592,-0.1224,-0.18,-0.5203,-0.1861,0.2626,0.2151,0.1360,1.055,1.284,1.425,1.43,1.707,1.97,1.542,1.69,1.952,1.70,1.64,1.92,2.02,2.18,2.23,1.72,1.47,1.48,1.32,1.35,1.43,1.14,0.84,0.45,1.205,2.78,2.78,2.19,2.357,1.457,1.122,1.073,0.9546,1.276,1.309,1.338,1.09,1.363,1.643,1.042,0.5308,0.94,0.73,0.62,0.2542,0.5631,0.4679,0.515,0.2209,0.8198,0.3158,0.1929,-0.4534,0.5958,0.6220,0.7118,0.6600,0.4418,0.3233,0.3398,0.8250,0.1467,-0.001,-0.1199,0.2025,-0.1259,-0.0612,-0.1620,-0.3293,0.1329,0.1405,0.1258,0.1841,0.1238,0.0713,0.0549,-0.3082,0.1255,0.1554,0.1909,-0.0799,-0.049,-0.0913,-0.1541,-0.4468,-0.2298,-0.0343,-0.108,-0.2231,0.026,-0.1023,-0.2243,-0.0266,-0.5403,-0.0422,0.065,-0.0602,0.0673,-0.0349,0.0971,-0.0400,-0.0364,0.155,0.135,,0.195,0.195,0.255,,0.10,0.115,0.19,,0.06,0.06,0.23,,0.66,0.335,0.06,,0.45,0.31,0.11
EPS Diluted,-1.50,-1.08,0.84,0.84,0.93,2.44,1.10,0.92,0.65,0.25,0.66,0.15,-0.36,-0.32,-0.18,0.10,-6.78,-3.42,0.23,-0.28,-4.34,1.55,1.82,1.75,2.04,1.96,1.64,1.68,0.42,1.69,1.64,1.92,2.01,2.17,2.23,1.90,1.49,1.46,1.31,1.31,1.15,1.14,0.84,0.45,0.55,2.78,2.78,2.22,1.75,1.58,1.68,1.43,1.09,1.36,0.99,1.43,1.415,2.12,1.885,1.04,0.515,0.94,0.73,0.615,0.50,0.57,0.485,0.425,0.425,0.53,0.315,0.035,-0.335,0.59,0.63,0.65,0.45,0.545,0.765,0.37,0.535,0.175,0.01,-0.105,-0.0604,0.025,0.245,0.1225,-1.36,0.19,0.195,0.23,0.2050,0.21,0.195,0.055,-0.03,0.18,0.245,0.245,-0.03,0.005,-0.06,-0.095,0.055,0.10,0.105,0.125,-1.365,0.10,0.125,0.195,0.2175,0.28,0.245,0.135,-3.39,0.185,0.115,0.19,0.05,0.12,0.155,0.135,,0.195,0.195,0.255,,0.10,0.115,0.19,,0.06,0.06,0.23,,0.66,0.335,0.06,,0.45,0.31,0.11
Average Basic Shares Outstanding,894.70M,845.70M,748.30M,748.90M,753.90M,761.70M,765.70M,765.60M,765.70M,765.50M,764.90M,764.40M,764.10M,764.00M,763.60M,763.40M,763.20M,763.30M,766.40M,769.60M,773.30M,777.40M,782.60M,791.30M,802.00M,805.10M,804.90M,804.70M,806.90M,809.70M,810.30M,810.50M,810.60M,812.50M,812.50M,812.60M,812.80M,812.70M,812.60M,812.10M,811.90M,811.80M,811.00M,810.70M,810.10M,815.30M,821.30M,825.50M,985.00M,833.10M,837.70M,841.00M,847.80M,852.80M,860.20M,848.50M,812.00M,808.50M,803.80M,800.80M,800.20M,792.60M,787.80M,783.00M,758.40M,771.00M,765.20M,758.20M,752.37M,754.20M,751.60M,749.00M,746.66M,751.40M,744.00M,740.40M,736.16M,738.40M,737.60M,736.20M,798.10M,720.00M,600.00M,704.76M,695.44M,691.84M,709.80M,698.00M,688.08M,680.00M,658.54M,650.00M,658.46M,777.27M,810.26M,638.71M,651.94M,638.89M,643.14M,632.65M,648.89M,600.00M,633.33M,600.00M,751.26M,590.00M,609.52M,600.00M,588.50M,600.00M,592.00M,497.44M,602.29M,603.57M,591.84M,600.00M,599.16M,589.19M,582.61M,568.42M,555.46M,533.33M,538.29M,534.49M,575.92M,533.41M,533.19M,425.55M,427.35M,408.62M,396.43M,396.43M,329.46M,316.70M,316.70M,219.52M,222.03M,217.06M,192.55M,191.92M,191.92M,191.92M,191.92M,191.92M
Average Diluted Shares Outstanding,894.70M,845.70M,749.50M,750.50M,755.80M,763.30M,767.40M,767.00M,766.50M,766.40M,765.90M,765.20M,764.10M,764.00M,763.60M,763.40M,763.20M,763.30M,766.60M,769.60M,773.30M,777.70M,782.90M,791.70M,802.20M,805.70M,805.40M,805.20M,807.60M,810.40M,811.00M,811.30M,811.70M,813.20M,813.30M,813.40M,813.80M,813.90M,813.80M,813.50M,813.50M,814.40M,814.00M,813.30M,810.60M,817.70M,825.20M,829.80M,985.00M,837.00M,841.80M,846.50M,852.60M,860.30M,867.70M,860.90M,823.30M,822.40M,814.60M,812.60M,810.40M,806.60M,797.80M,794.40M,762.85M,782.20M,773.40M,766.40M,758.62M,760.80M,758.20M,753.20M,746.66M,751.40M,750.79M,744.62M,736.16M,738.40M,737.60M,736.20M,798.10M,720.00M,600.00M,704.76M,695.44M,691.84M,738.78M,698.00M,688.08M,715.79M,692.31M,678.26M,658.46M,814.29M,810.26M,638.71M,651.94M,638.89M,669.39M,632.65M,648.89M,600.00M,633.33M,600.00M,751.26M,590.00M,609.52M,600.00M,588.50M,600.00M,592.00M,497.44M,602.29M,603.57M,591.84M,600.00M,599.16M,589.19M,582.61M,568.42M,555.46M,533.33M,538.29M,534.49M,575.92M,533.41M,533.19M,425.55M,427.35M,408.62M,396.43M,396.43M,329.46M,316.70M,316.70M,219.52M,222.03M,217.06M,192.55M,191.92M,191.92M,191.92M,191.92M,191.92M
Dividend Per Share,0.79,0.79,0.78,0.78,0.78,0.78,0.77,0.77,0.77,0.77,0.76,0.76,0.76,0.76,0.75,0.75,0.75,0.75,0.75,0.72,0.72,0.72,0.72,0.72,0.64,0.64,0.64,0.64,0.54,0.54,0.54,0.54,0.46,0.46,0.46,0.46,0.38,0.38,0.38,0.33,0.33,0.33,0.33,0.32,0.32,0.32,0.32,0.25,0.25,0.25,0.22,0.22,0.22,0.22,0.18,0.18,0.18,0.155,0.155,0.155,0.1375,0.1375,0.1375,0.1375,0.13,0.13,0.13,0.13,0.125,0.125,0.125,0.125,0.125,0.125,0.125,0.125,0.125,0.125,0.125,0.125,0.125,0.125,0.125,0.125,0.125,0.125,0.125,0.125,0.125,0.125,0.125,0.125,0.125,0.125,0.125,0.125,0.125,0.125,0.125,0.125,0.125,0.125,0.125,0.125,0.125,0.125,0.125,0.125,0.125,0.125,0.125,0.125,0.125,0.125,0.125,0.125,0.3125,0.3125,0.3125,0.3125,0.3125,0.3125,0.3125,0.3125,0.3125,0.3125,0.3125,0.3125,0.3125,0.3125,0.3125,0.3125,0.3125,0.3125,0.3125,0.3125,0.3125,,,,,,,
As Originally Reported,AOR,AOR,AOR,AOR,AOR,AOR,AOR,AOR,AOR,AOR,AOR,AOR,AOR,AOR,AOR,AOR,AOR,AOR,AOR,AOR,AOR,AOR,AOR,AOR,AOR,AOR,AOR,AOR,AOR,AOR,AOR,AOR,AOR,AOR,AOR,AOR,AOR,AOR,AOR,AOR,AOR,AOR,AOR,AOR,AOR,,,,,,,,,,,,,,,,,,,,,,,,,,,,,,,,,,,,,,,,,,,,,,,,,,,,,,,,,,,,,,,,,,,,,,,,,,,,,,,,,,,,,,,,,,,,,,,,,,,
Restated,,,,,Restated,Restated,Restated,Restated,Restated,Restated,Restated,Restated,Restated,Restated,Restated,Restated,Restated,Restated,Restated,Restated,Restated,Restated,Restated,Restated,Restated,Restated,Restated,Restated,Restated,Restated,Restated,Restated,Restated,Restated,Restated,Restated,Restated,Restated,Restated,Restated,Restated,Restated,Restated,Restated,Restated,,Restated,Restated,Restated,,,,,,,,,,,,,,,,,,,,,,,,,,,,,,,,,,,,,,,,,,,,,,,,,,,,,,,,,,,,,,,,,,,,,,,,,,,,,,,,,,,,,,,,,,,,,,,
