Income (Quarterly),2019-12,2019-09,2019-06,2019-03,2018-12,2018-09,2018-06,2018-03,2017-12,2017-09,2017-06,2017-03,2016-12,2016-09,2016-06,2016-03,2015-12,2015-09,2015-06,2015-03,2014-12,2014-09,2014-06,2014-03,2013-12,2013-09,2013-06,2013-03,2012-12,2012-09,2012-06,2012-03,2011-12,2011-09,2011-06,2011-03,2010-12,2010-09,2010-06,2010-03,2009-12,2009-09,2009-06,2009-03,2008-12,2008-09,2008-06,2008-03,2007-12,2007-09,2007-06,2007-03,2006-12,2006-09,2006-06,2006-03,2005-12,2005-09,2005-06,2005-03,2004-12,2004-09,2004-06,2004-03,2003-12,2003-09,2003-06,2003-03,2002-12,2002-09,2002-06,2002-03,2001-12,2001-09,2001-06,2001-03,2000-12,2000-09,2000-06,2000-03,1999-12,1999-09,1999-06,1999-03,1998-12,1998-09,1998-06,1998-03,1997-12,1997-09,1997-06,1997-03,1996-12,1996-09,1996-06,1996-03,1995-12,1995-09,1995-06,1995-03,1994-12,1994-09,1994-06,1994-03,1993-12,1993-09,1993-06,1993-03,1992-12,1992-09,1992-06,1992-03,1991-12,1991-09,1991-06,1991-03,1990-12,1990-09,1990-06,1990-03,1989-12,1989-09,1989-06,1989-03,1988-12,1988-09,1988-06,1988-03,1987-12,1987-09,1987-06,1987-03,1986-12,1986-09,1986-06,1986-03,1985-12,1985-09,1985-06,1985-03,1984-12,1984-09,1984-06,1984-03
Operating Revenue,1.609B,1.487B,1.40B,1.842B,1.665B,1.546B,1.402B,1.865B,1.533B,1.341B,1.331B,1.758B,1.491B,1.418B,1.439B,1.67B,1.153B,1.048B,939.00M,1.227B,3.395B,293.03M,334.79M,571.16M,3.129B,316.48M,319.07M,548.04M,422.95M,322.89M,282.84M,457.82M,373.56M,321.43M,314.05M,561.05M,333.99M,236.28M,207.12M,220.28M,205.46M,255.21M,200.36M,235.51M,219.25M,278.72M,216.13M,234.62M,222.08M,268.06M,216.94M,274.57M,185.55M,261.14M,199.73M,200.29M,180.13M,259.45M,185.92M,278.54M,-69.49M,323.42M,260.74M,249.43M,145.79M,292.11M,230.62M,234.24M,173.89M,321.08M,284.29M,258.34M,209.14M,313.61M,262.51M,242.20M,58.59M,247.05M,194.80M,204.24M,147.70M,199.10M,164.50M,168.70M,165.30M,198.60M,159.80M,162.50M,169.60M,196.60M,163.80M,180.30M,177.20M,209.20M,168.80M,170.90M,161.30M,200.30M,163.40M,165.40M,151.10M,184.60M,153.40M,167.60M,150.60M,189.40M,151.00M,161.90M,154.20M,175.90M,160.50M,176.80M,184.30M,167.60M,151.60M,169.90M,152.70M,162.10M,125.60M,137.00M,130.50M,144.10M,127.70M,128.90M,127.10M,144.60M,120.50M,126.70M,121.30M,134.40M,120.00M,121.90M,113.00M,118.70M,112.10M,127.30M,128.80M,129.80M,121.10M,135.20M,124.30M,132.60M,122.80M,129.80M
Revenue,1.609B,1.487B,1.40B,1.842B,1.665B,1.546B,1.402B,1.865B,1.533B,1.341B,1.331B,1.758B,1.491B,1.418B,1.439B,1.67B,1.153B,1.048B,939.00M,1.227B,3.395B,293.03M,334.79M,571.16M,3.129B,316.48M,319.07M,548.04M,422.95M,322.89M,282.84M,457.82M,373.56M,321.43M,314.05M,561.05M,333.99M,236.28M,207.12M,220.28M,205.46M,255.21M,200.36M,235.51M,219.25M,278.72M,216.13M,234.62M,222.08M,268.06M,216.94M,274.57M,185.55M,261.14M,199.73M,200.29M,180.13M,259.45M,185.92M,278.54M,-69.49M,323.42M,260.74M,249.43M,145.79M,292.11M,230.62M,234.24M,173.89M,321.08M,284.29M,258.34M,209.14M,313.61M,262.51M,242.20M,58.59M,247.05M,194.80M,204.24M,147.70M,199.10M,164.50M,168.70M,165.30M,198.60M,159.80M,162.50M,169.60M,196.60M,163.80M,180.30M,177.20M,209.20M,168.80M,170.90M,161.30M,200.30M,163.40M,165.40M,151.10M,184.60M,153.40M,167.60M,150.60M,189.40M,151.00M,161.90M,154.20M,175.90M,160.50M,176.80M,184.30M,167.60M,151.60M,169.90M,152.70M,162.10M,125.60M,137.00M,130.50M,144.10M,127.70M,128.90M,127.10M,144.60M,120.50M,126.70M,121.30M,134.40M,120.00M,121.90M,113.00M,118.70M,112.10M,127.30M,128.80M,129.80M,121.10M,135.20M,124.30M,132.60M,122.80M,129.80M
Cost of Goods Sold,995.00M,867.00M,832.00M,1.116B,1.07B,916.00M,812.00M,1.103B,926.00M,781.00M,735.00M,987.00M,869.00M,865.00M,779.00M,979.00M,791.00M,632.00M,585.00M,772.00M,1.938B,189.83M,231.00M,381.84M,1.868B,193.13M,202.09M,365.83M,278.88M,208.98M,179.46M,293.20M,528.09M,126.87M,118.46M,295.63M,405.37M,89.05M,68.91M,90.82M,83.88M,107.14M,83.29M,116.03M,139.72M,121.37M,91.99M,117.53M,102.86M,125.93M,111.57M,176.12M,89.44M,124.70M,96.57M,103.15M,93.93M,130.92M,93.91M,95.17M,88.89M,119.75M,81.33M,87.94M,66.43M,77.39M,62.37M,66.48M,65.06M,78.16M,62.02M,63.96M,58.56M,77.16M,66.87M,69.31M,68.74M,74.85M,74.33M,68.92M,43.30M,59.90M,47.20M,43.00M,48.10M,48.80M,42.40M,46.80M,54.40M,52.40M,49.90M,65.80M,59.30M,60.70M,45.10M,42.30M,41.70M,48.10M,46.00M,49.80M,37.70M,44.20M,40.30M,49.90M,,,,,,,,,,,,,,,,,,,,,,,,,,,,,,,,,,,,,,,,
Gross Profit,614.00M,620.00M,568.00M,726.00M,595.00M,630.00M,590.00M,762.00M,607.00M,560.00M,596.00M,771.00M,622.00M,553.00M,660.00M,691.00M,362.00M,416.00M,354.00M,455.00M,1.457B,103.20M,103.79M,189.32M,1.261B,123.35M,116.98M,182.21M,144.07M,113.91M,103.38M,164.62M,-154.52M,194.56M,195.59M,265.42M,-71.37M,147.23M,138.21M,129.46M,121.58M,148.07M,117.07M,119.48M,79.53M,157.35M,124.14M,117.10M,119.22M,142.13M,105.37M,98.45M,96.12M,136.44M,103.16M,97.14M,86.20M,128.53M,92.01M,183.37M,-158.38M,203.67M,179.41M,161.49M,79.36M,214.71M,168.26M,167.76M,108.83M,242.92M,222.27M,194.38M,150.58M,236.45M,195.64M,172.89M,-10.15M,172.21M,120.48M,135.32M,104.40M,139.20M,117.30M,125.70M,117.20M,149.80M,117.40M,115.70M,115.20M,144.20M,113.90M,114.50M,117.90M,148.50M,123.70M,128.60M,119.60M,152.20M,117.40M,115.60M,113.40M,140.40M,113.10M,117.70M,,,,,,,,,,,,,,,,,,,,,,,,,,,,,,,,,,,,,,,,
General and Administrative Expense,,,,,,,,,,,,,,,,,,,,,,0.00,0.531M,1.906M,,0.00,0.024M,0.024M,,,,,,,,,,,,,,,,,,,,,,,,,,,,,,,,,,,,,,,,,,,,,,,,,,,,,,,,,,,,,,,,,,,,,,,,,,,,,,,,,,,,,,,,,,,,,,,,,,,,,,,,,,,,,,,,,,,,
SG&A Expense,,,,,,,,,,,,,,,,,,,,,,0.00,0.531M,1.906M,,0.00,0.024M,0.024M,,,,,,,,,,,,,,,,,,,,,,,,,,,,,,,,,,,,,,,,,,,,,,11.88M,11.05M,9.244M,,,5.517M,4.744M,,,,,,,,,,,,,,,,,,,,,,,,,,,,,,,,,,,,,,,,,,,,,,,,,,,,,,,,,,,,,,,,
Income Statement Depreciation,,,,,,,,,,,,,,,,,,,,,,32.86M,32.36M,31.99M,,30.87M,29.57M,29.35M,,,,,,,,,,,,,,,,,,,,,,,,,,,,,,,,,,,,,,,,,,,,,,,,,,,,,,,,,,,,,,,,,,,,,,,,,,,,,,,,,,,,,,,,,,,,,,,,,,,,,,,,,,,,,,,,,,,,
Amortization Expense,,,,,,,,,,,,,,,,,,,,,,2.718M,4.152M,8.33M,,19.89M,16.10M,20.76M,,,,,,,,,,,,,,,,,,,,,,,,,,,,,,,,,,,,,,,,,,,,,,,,,,,,,,,,,,,,,,,,,,,,,,,,,,,,,,,,,,,,,,,,,,,,,,,,,,,,,,,,,,,,,,,,,,,,
Investment Write Off,,,,,,,,,,,,,,,,,2.00M,3.00M,7.00M,,,,,,,,,,,,,,,,,,,,,,,,,,,,,,,,,,,,,,,,,,,,,,,,,,,,,,,,,,,,,,,,,,,,,,,,,,,,,,,,,,,,,,,,,,,,,,,,,,,,,,,,,,,,,,,,,,,,,,,,,,,,,
Special Income and Charges,194.00M,0.00,0.00,0.00,40.00M,-1.00M,-10.00M,-5.00M,-606.00M,0.00,,0.00,,,,,19.00M,-3.00M,-7.00M,,2.377M,1.731M,-4.604M,-7.504M,-602.41M,-13.26M,4.763M,4.907M,17.20M,0.00,,,3.606M,7.601M,4.532M,3.943M,-11.86M,-1.995M,-2.864M,3.061M,-2.648M,2.633M,1.56M,0.297M,-0.178M,0.925M,0.772M,0.017M,0.20M,2.465M,1.603M,0.714M,0.217M,5.262M,2.491M,20.79M,0.938M,2.675M,1.086M,-2.336M,-2.313M,1.034M,1.431M,1.40M,0.616M,2.098M,0.726M,-0.435M,-0.897M,2.525M,-3.746M,-0.209M,0.997M,2.698M,1.781M,1.224M,177.42M,-2.678M,-1.165M,2.756M,1.70M,0.30M,-2.40M,-0.50M,-6.50M,1.80M,-4.50M,0.40M,2.60M,0.10M,0.70M,0.80M,-6.60M,-0.10M,-0.30M,-0.20M,-1.60M,-1.40M,-0.90M,-0.30M,-1.80M,0.60M,-0.90M,0.20M,,,,,,,,,,,,,,,,,,,,,,,,,,,,,,,,,,,,,,,,
Non Income Taxes,145.00M,144.00M,139.00M,163.00M,135.00M,150.00M,143.00M,151.00M,141.00M,137.00M,138.00M,147.00M,133.00M,133.00M,125.00M,137.00M,107.00M,89.00M,87.00M,84.00M,211.03M,32.90M,30.54M,39.54M,194.66M,32.39M,28.08M,35.87M,31.11M,28.50M,23.82M,30.60M,26.40M,26.40M,25.90M,35.51M,24.17M,20.24M,16.59M,17.70M,15.22M,17.44M,12.91M,14.49M,12.01M,14.66M,11.28M,12.28M,10.43M,12.62M,10.31M,11.26M,9.792M,12.62M,10.15M,10.84M,9.211M,12.48M,9.413M,10.89M,7.305M,11.47M,9.941M,10.74M,8.118M,11.14M,9.941M,10.89M,9.514M,13.03M,11.48M,11.95M,10.64M,12.22M,10.63M,11.08M,9.398M,11.44M,10.27M,11.94M,8.70M,12.90M,11.50M,14.00M,25.60M,13.80M,12.30M,13.00M,11.90M,13.50M,13.10M,14.00M,13.60M,14.90M,13.90M,14.70M,13.70M,15.70M,14.50M,15.00M,14.50M,12.90M,14.60M,15.30M,,,,,,,,,,,,,,,,,,,,,,,,,,,,,,,,,,,,,,,,
Operating Interest Expense,80.00M,72.00M,76.00M,78.00M,84.00M,75.00M,70.00M,74.00M,70.00M,71.00M,68.00M,71.00M,56.00M,60.00M,68.00M,84.00M,76.00M,64.00M,66.00M,61.00M,174.51M,23.02M,22.84M,22.63M,177.29M,21.79M,23.21M,22.71M,21.59M,22.74M,23.14M,22.64M,23.18M,23.70M,23.09M,23.47M,20.48M,11.21M,10.07M,10.55M,10.37M,10.23M,10.40M,8.883M,,,,,,,,,,,,,,,,,,,,,,,,,,,,,,,,,,,,,,,,,,,,,,,,,,,,,,,,,,,,,,,,,,,,,,,,,,,,,,,,,,,,,,,,,,,,,,,,,,,,
Operating Interest Income,,,,,,,,,,,,,,,,,,,,,,0.666M,0.523M,0.542M,,0.243M,0.442M,0.764M,,,,,0.898M,0.791M,1.072M,0.722M,0.985M,1.115M,1.068M,0.995M,0.912M,0.872M,0.786M,0.661M,,,,,,,,,,,,,,,,,,,,,,,,,,,,,,,,,,,,,,,,,,,,,,,,,,,,,,,,,,,,,,,,,,,,,,,,,,,,,,,,,,,,,,,,,,,,,,,,,,,,
Net Operating Interest Income,-80.00M,-72.00M,-76.00M,-78.00M,-84.00M,-75.00M,-70.00M,-74.00M,-70.00M,-71.00M,-68.00M,-71.00M,-56.00M,-60.00M,-68.00M,-84.00M,-76.00M,-64.00M,-66.00M,-61.00M,-174.41M,-22.98M,-22.92M,-22.69M,-176.92M,-22.16M,-23.38M,-22.55M,-19.58M,-23.35M,-23.74M,-23.25M,-23.07M,-23.55M,-22.52M,-22.75M,-20.09M,-10.49M,-9.399M,-9.556M,-9.462M,-9.361M,-9.611M,-8.222M,,,,,,,,,,,,,,,,,,,,,,,,,,,,,,,,,,,,,,,,,,,,,,,,,,,,,,,,,,,,,,,,,,,,,,,,,,,,,,,,,,,,,,,,,,,,,,,,,,,,
Other Operating Expenses,,,,,,,,,,,,,,,,,,,,,,,,,,,,,,,,,,,,,,,,,,,,,,,,,,,,,,,,,,,,,,,,,,,,,,,,,,,,,,76.32M,,,33.90M,34.60M,35.60M,35.30M,34.70M,34.50M,36.50M,31.90M,47.00M,34.80M,36.50M,33.70M,42.60M,49.40M,39.70M,42.60M,38.90M,32.20M,32.30M,29.40M,36.30M,31.90M,35.60M,30.30M,,,,,,,,,,,,,,,,,,,,,,,,,,,,,,,,,,,,,,,,
Total Operating Expenses,398.00M,381.00M,361.00M,385.00M,346.00M,376.00M,358.00M,354.00M,357.00M,342.00M,344.00M,344.00M,316.00M,336.00M,338.00M,342.00M,277.00M,252.00M,274.00M,259.00M,725.18M,68.48M,67.58M,81.76M,642.13M,83.15M,73.77M,85.95M,73.09M,74.78M,66.87M,77.16M,-202.70M,160.31M,155.37M,165.61M,-115.82M,105.99M,106.00M,96.58M,100.95M,105.96M,86.13M,90.99M,54.36M,113.45M,98.42M,98.43M,104.13M,100.34M,86.49M,85.78M,92.97M,96.75M,82.10M,84.20M,77.07M,92.31M,75.07M,168.77M,-171.23M,168.55M,157.59M,144.96M,61.47M,178.26M,151.88M,148.73M,91.02M,196.40M,190.78M,166.94M,125.75M,183.54M,158.68M,144.04M,145.81M,122.82M,77.09M,97.22M,84.70M,79.60M,77.00M,87.50M,96.50M,88.50M,85.70M,82.20M,93.40M,81.70M,89.50M,80.00M,88.10M,96.10M,85.80M,87.60M,85.20M,79.60M,80.70M,75.40M,83.30M,74.90M,79.90M,74.00M,,,,,,,,,,,,,,,,,,,,,,,,,,,,,,,,,,,,,,,,
Operating Income,216.00M,239.00M,207.00M,341.00M,249.00M,254.00M,232.00M,408.00M,250.00M,218.00M,252.00M,427.00M,306.00M,217.00M,322.00M,349.00M,85.00M,164.00M,80.00M,196.00M,731.51M,34.72M,36.21M,107.56M,619.33M,40.20M,43.21M,96.26M,70.98M,39.13M,36.51M,87.46M,48.18M,34.25M,40.22M,99.82M,44.44M,41.23M,32.21M,32.88M,20.64M,42.10M,30.94M,28.49M,25.17M,43.90M,25.72M,18.67M,15.09M,41.79M,18.88M,12.67M,3.148M,39.69M,21.06M,12.94M,9.123M,36.22M,16.94M,14.60M,12.85M,35.12M,21.82M,16.53M,17.88M,36.45M,16.38M,19.03M,17.81M,46.52M,31.49M,27.44M,24.82M,52.91M,36.96M,28.85M,-155.96M,49.39M,43.39M,38.10M,19.70M,59.60M,40.30M,38.20M,20.70M,61.30M,31.70M,33.50M,21.80M,62.50M,24.40M,34.50M,29.80M,52.40M,37.90M,41.00M,34.40M,72.60M,36.70M,40.20M,30.10M,65.50M,33.20M,43.70M,150.60M,189.40M,151.00M,161.90M,154.20M,175.90M,160.50M,176.80M,184.30M,167.60M,151.60M,169.90M,152.70M,162.10M,125.60M,137.00M,130.50M,144.10M,127.70M,128.90M,127.10M,144.60M,120.50M,126.70M,121.30M,134.40M,120.00M,121.90M,113.00M,118.70M,112.10M,127.30M,128.80M,129.80M,121.10M,135.20M,124.30M,132.60M,122.80M,129.80M
Non-Operating Interest Income,,,,,,,,,,,,,,,,,,,,,,0.666M,0.523M,0.542M,,0.243M,0.442M,0.764M,,,,,0.898M,0.791M,1.072M,0.722M,0.985M,1.115M,1.068M,0.995M,0.912M,0.872M,0.786M,0.661M,,,,,,,,,,,,,,,,,,,,,,,,,,,,,,,,,,,,,,,,,,,,,,,,,,,,,,,,,,,,,,,,,,,,,,,,,,,,,,,,,,,,,,,,,,,,,,,,,,,,
Non-Operating Interest Expense,80.00M,72.00M,76.00M,78.00M,84.00M,75.00M,70.00M,74.00M,70.00M,71.00M,68.00M,71.00M,56.00M,60.00M,68.00M,84.00M,76.00M,64.00M,66.00M,61.00M,174.51M,23.02M,22.84M,22.63M,177.29M,21.79M,23.21M,22.71M,21.59M,22.74M,23.14M,22.64M,23.18M,23.70M,23.09M,23.47M,20.48M,11.21M,10.07M,10.55M,10.37M,10.23M,10.40M,8.883M,,,,,,,,,,,,,,,,,,,,,,,,,,,,,,,,,,,,,,,,,,,,,,,,,,,,,,,,,,,,,,,,,,,,,,,,,,,,,,,,,,,,,,,,,,,,,,,,,,,,
Net Non-Operating Interest Income Expense,-80.00M,-72.00M,-76.00M,-78.00M,-84.00M,-75.00M,-70.00M,-74.00M,-70.00M,-71.00M,-68.00M,-71.00M,-56.00M,-60.00M,-68.00M,-84.00M,-76.00M,-64.00M,-66.00M,-61.00M,-174.41M,-22.98M,-22.92M,-22.69M,-176.92M,-22.16M,-23.38M,-22.55M,-19.58M,-23.35M,-23.74M,-23.25M,-23.07M,-23.55M,-22.52M,-22.75M,-20.09M,-10.49M,-9.399M,-9.556M,-9.462M,-9.361M,-9.611M,-8.222M,,,,,,,,,,,,,,,,,,,,,,,,,,,,,,,,,,,,,,,,,,,,,,,,,,,,,,,,,,,,,,,,,,,,,,,,,,,,,,,,,,,,,,,,,,,,,,,,,,,,
Other Income and Expenses,120.00M,5.00M,3.00M,-6.00M,-7.00M,-16.00M,-25.00M,-24.00M,-695.00M,-15.00M,-20.00M,-14.00M,7.00M,5.00M,20.00M,51.00M,19.00M,10.00M,2.00M,13.00M,36.35M,5.743M,-0.243M,-2.852M,-577.32M,-8.703M,8.634M,8.385M,1.372M,10.84M,8.787M,13.40M,15.56M,7.601M,4.532M,3.943M,-10.58M,-1.995M,-2.864M,3.061M,-2.648M,2.633M,1.56M,0.297M,-0.178M,0.925M,0.772M,0.017M,0.20M,2.465M,1.603M,0.714M,0.217M,5.262M,2.491M,20.79M,0.938M,2.675M,1.086M,-2.336M,-2.313M,1.034M,1.431M,1.40M,0.616M,2.098M,0.726M,-0.435M,-0.897M,2.525M,-3.746M,-0.209M,0.997M,2.698M,1.781M,1.224M,177.42M,-2.678M,-1.165M,2.756M,1.70M,0.30M,-2.40M,-0.50M,-6.50M,1.80M,-4.50M,0.40M,2.60M,0.10M,0.70M,0.80M,-6.60M,-0.10M,-0.30M,-0.20M,-1.60M,-1.40M,-0.90M,-0.30M,-1.80M,0.60M,-0.90M,0.20M,,,,,,,,,,,,,,,,,,,,,,,,,,,,,,,,,,,,,,,,
Net Interest Income,-80.00M,-72.00M,-76.00M,-78.00M,-84.00M,-75.00M,-70.00M,-74.00M,-70.00M,-71.00M,-68.00M,-71.00M,-56.00M,-60.00M,-68.00M,-84.00M,-76.00M,-64.00M,-66.00M,-61.00M,-174.41M,-22.98M,-22.92M,-22.69M,-176.92M,-22.16M,-23.38M,-22.55M,-19.58M,-23.35M,-23.74M,-23.25M,-23.07M,-23.55M,-22.52M,-22.75M,-20.09M,-10.49M,-9.399M,-9.556M,-9.462M,-9.361M,-9.611M,-8.222M,,,,,,,,,,,,,,,,,,,,,,,,,,,,,,,,,,,,,,,,,,,,,,,,,,,,,,,,,,,,,,,,,,,,,,,,,,,,,,,,,,,,,,,,,,,,,,,,,,,,
Pre-Tax Income,256.00M,172.00M,134.00M,257.00M,158.00M,163.00M,137.00M,310.00M,-515.00M,132.00M,164.00M,342.00M,257.00M,162.00M,274.00M,316.00M,28.00M,110.00M,16.00M,148.00M,593.45M,17.49M,13.04M,82.02M,-134.90M,9.343M,28.46M,82.09M,52.78M,26.61M,21.56M,77.62M,40.67M,18.30M,22.23M,81.01M,13.78M,28.74M,19.95M,26.38M,8.528M,35.38M,22.89M,20.56M,13.25M,37.68M,19.67M,12.33M,12.16M,38.76M,16.36M,9.845M,-1.171M,38.86M,18.14M,29.15M,5.136M,32.59M,12.50M,7.57M,5.572M,31.95M,17.53M,11.76M,11.84M,30.99M,10.18M,11.48M,9.281M,39.05M,17.38M,17.52M,16.01M,44.76M,28.09M,18.92M,9.827M,36.33M,31.91M,30.71M,11.70M,49.80M,28.10M,24.50M,1.00M,49.90M,13.80M,20.40M,14.70M,44.50M,7.70M,17.60M,5.20M,34.70M,20.00M,23.00M,14.80M,52.50M,17.50M,20.60M,8.10M,45.70M,12.30M,23.70M,,,,,,,,,,,,,,,,,,,,,,,,,,,,,,,,,,,,,,,,
Provision for Income Taxes,40.00M,33.00M,29.00M,41.00M,42.00M,29.00M,27.00M,72.00M,-438.00M,32.00M,44.00M,103.00M,48.00M,53.00M,172.00M,104.00M,-74.00M,56.00M,5.00M,42.00M,246.72M,4.986M,3.74M,26.55M,-10.00M,4.186M,10.53M,30.29M,23.94M,10.84M,9.546M,30.54M,11.15M,9.629M,10.71M,31.01M,5.128M,12.11M,7.564M,10.34M,1.776M,13.65M,9.134M,8.532M,4.46M,16.05M,8.379M,5.686M,3.475M,15.76M,6.829M,4.422M,-3.159M,9.199M,7.884M,12.33M,0.576M,14.11M,5.987M,4.342M,1.525M,15.63M,7.16M,6.066M,8.819M,14.03M,5.208M,5.967M,4.046M,17.24M,8.244M,7.949M,6.075M,19.83M,12.87M,9.442M,3.438M,16.63M,14.12M,13.85M,8.40M,24.80M,14.10M,14.60M,2.40M,23.70M,8.30M,11.40M,8.60M,21.10M,-0.80M,9.90M,4.60M,16.80M,11.10M,11.30M,8.20M,26.00M,9.70M,11.10M,5.40M,19.90M,5.90M,10.50M,,,,,,,,,,,,,,,,,,,,,,,,,,,,,,,,,,,,,,,,
Income from Continuing Operations,216.00M,139.00M,105.00M,216.00M,116.00M,134.00M,110.00M,238.00M,-77.00M,100.00M,120.00M,239.00M,209.00M,109.00M,102.00M,212.00M,102.00M,54.00M,11.00M,106.00M,346.73M,12.50M,9.303M,55.46M,-124.90M,5.157M,17.93M,51.81M,28.84M,15.78M,12.01M,47.08M,21.29M,12.19M,14.17M,52.06M,10.48M,16.98M,11.49M,16.05M,6.766M,21.74M,13.77M,12.04M,8.585M,21.63M,11.29M,6.644M,8.69M,23.00M,9.535M,5.423M,1.988M,29.66M,10.25M,16.82M,4.56M,18.48M,6.509M,3.228M,4.047M,16.32M,10.37M,5.692M,3.017M,16.95M,4.976M,5.518M,5.235M,21.81M,9.14M,9.569M,9.938M,24.93M,15.22M,9.476M,6.389M,19.71M,17.80M,16.86M,3.30M,25.00M,14.00M,9.90M,-1.40M,26.20M,5.50M,9.00M,6.10M,23.40M,8.50M,7.70M,0.60M,17.90M,8.90M,11.70M,6.60M,26.50M,7.80M,9.50M,2.70M,25.80M,6.40M,13.20M,-5.20M,22.80M,10.40M,12.60M,5.50M,16.00M,21.60M,13.70M,5.00M,13.80M,9.70M,19.80M,12.10M,23.20M,9.50M,9.20M,6.90M,-90.80M,0.70M,9.70M,23.60M,-2.30M,25.60M,31.80M,14.20M,29.00M,23.50M,28.50M,25.60M,36.50M,18.20M,21.30M,24.30M,26.20M,22.00M,27.10M,23.90M,19.70M,19.70M,25.00M
Income from Discontinued Operations,,,,,,,,,,,,,,,,,,,,,,,,,,,,,,,,,,,,,,,,,,,,,,-0.093M,-0.017M,-0.057M,-0.135M,-2.008M,0.258M,-0.067M,-44.16M,-17.86M,-7.251M,-54.61M,1.655M,-0.033M,-3.15M,,0.697M,0.016M,48.36M,1.443M,,,-0.675M,-0.252M,,,,,,,,,,,,,,,,,,,,,,,,,,,,,,,,,,,,,,,,,,,,,,,,,,,,,,,,,,,,,,,,,,,,,,,,,,,,
"Extraordinary Items, Income Statement",,,,,,,,,,,,,,,,,,,,,,,,,,,,,,,,,,,,,,,,,,,,,,,,,,,,,,,,,,,,,,,,,,,,,,,,,,,,,,,,,,,,,,,,,,,,,,,,,,,,,0.00,,,-1.30M,,,,,,,,,,,,,,,,,,,,,,,,,,,,,,,,,,,,,,,,
Income Attributable to Minority Interest,7.00M,11.00M,5.00M,1.00M,3.00M,-9.00M,-3.00M,6.00M,0.00,-1.00M,,0.00,0.00,0.00,0.00,0.00,,,0.00,0.00,,,,,,,,,,,,,,,,,,,,,,,,,,,,,,,,,,,,,,,,,,,,,,,,,,,,,,,,,0.00,-1.123M,-1.203M,-1.203M,-1.20M,-1.20M,,-1.20M,-1.20M,-1.20M,-1.20M,-1.20M,-1.20M,-1.20M,-1.20M,-1.20M,-1.20M,-1.20M,-1.20M,-1.20M,-1.20M,-1.20M,-1.20M,,,,,,,,,,,,,,,,,,,,,,,,,,,,,,,,,,,,,,,,,,,,,
Preferred Stock Dividend,,,,,,,,,,,,,,,,,,,,,,0.006M,-0.04M,0.013M,,0.013M,0.01M,0.016M,-0.001M,0.026M,0.013M,0.026M,0.012M,0.014M,0.014M,0.014M,,,,,,,,,,,,,,,,,,,,,,,,,,,,,,,,,,,,,,,,,,,,,0.00,,,0.10M,0.00,0.10M,0.10M,0.10M,0.00,0.10M,0.10M,0.10M,0.00,0.10M,0.10M,0.10M,0.10M,0.10M,0.30M,0.70M,0.70M,0.70M,0.70M,1.10M,,,,,,,,,,,,,,,,,,,,,,,,,,,,,,,,,,,,,,,,
Net Income,223.00M,150.00M,110.00M,217.00M,119.00M,125.00M,107.00M,244.00M,-77.00M,99.00M,120.00M,239.00M,209.00M,109.00M,102.00M,212.00M,102.00M,54.00M,11.00M,106.00M,346.73M,12.50M,9.303M,55.46M,-125.90M,5.157M,17.93M,51.81M,28.84M,15.78M,12.01M,47.08M,21.29M,12.19M,14.17M,52.06M,10.48M,16.98M,11.49M,16.05M,6.766M,21.74M,13.77M,12.04M,8.752M,21.54M,11.27M,6.587M,8.555M,20.99M,9.793M,5.356M,-42.18M,11.80M,3.00M,-37.79M,6.215M,18.45M,3.359M,3.228M,4.947M,16.34M,58.73M,7.135M,-3.234M,16.95M,4.301M,5.266M,3.431M,21.81M,9.14M,9.569M,9.738M,24.93M,15.22M,9.476M,6.389M,19.71M,17.80M,16.86M,3.30M,25.00M,14.00M,9.90M,-1.40M,26.20M,5.50M,9.00M,6.10M,23.40M,8.50M,7.70M,0.60M,17.90M,8.90M,11.70M,6.60M,26.50M,7.80M,9.50M,2.70M,25.80M,6.40M,11.90M,-5.20M,22.80M,10.40M,12.60M,5.50M,16.00M,21.60M,13.70M,5.00M,13.80M,9.70M,19.80M,12.10M,23.20M,9.50M,9.20M,6.90M,-90.80M,0.70M,9.70M,23.60M,-2.30M,25.60M,31.80M,14.20M,29.00M,23.50M,28.50M,25.60M,36.50M,18.20M,21.30M,24.30M,26.20M,22.00M,27.10M,23.90M,19.70M,19.70M,25.00M
Normalized Income,59.31M,150.00M,110.00M,217.00M,89.63M,125.82M,115.03M,247.84M,286.60M,99.00M,120.00M,239.00M,209.00M,109.00M,102.00M,212.00M,90.60M,55.80M,15.82M,106.00M,345.18M,11.27M,12.37M,60.46M,431.84M,13.78M,14.93M,48.71M,17.66M,15.78M,12.01M,47.08M,18.67M,7.253M,11.22M,49.62M,17.92M,18.27M,13.27M,14.19M,8.863M,20.12M,12.83M,11.85M,8.703M,21.03M,10.79M,6.633M,8.547M,21.40M,8.493M,4.959M,1.858M,25.64M,8.756M,4.345M,3.727M,16.88M,5.857M,4.630M,5.727M,15.70M,9.507M,4.852M,2.647M,15.69M,4.540M,5.779M,5.773M,20.29M,11.39M,9.694M,9.319M,23.31M,14.15M,8.742M,-108.96M,21.31M,18.50M,15.21M,2.28M,24.82M,15.44M,10.20M,2.50M,25.12M,8.20M,8.76M,4.54M,23.34M,8.08M,7.22M,4.56M,17.96M,9.08M,11.82M,7.56M,27.34M,8.34M,9.68M,3.78M,25.44M,6.94M,13.08M,-5.20M,22.80M,10.40M,12.60M,5.50M,16.00M,21.60M,13.70M,5.00M,13.80M,9.70M,19.80M,12.10M,23.20M,9.50M,9.20M,6.90M,-90.80M,,,,,,,,,,,,,,,,,,,,,,
EBITDA,602.00M,500.00M,450.00M,571.00M,472.00M,481.00M,438.00M,608.00M,-217.00M,430.00M,447.00M,629.00M,496.00M,471.00M,597.00M,646.00M,302.00M,363.00M,327.00M,384.00M,1.285B,76.71M,73.00M,145.57M,489.85M,82.50M,97.96M,155.51M,120.45M,96.24M,88.34M,147.42M,106.43M,84.27M,84.90M,150.28M,66.14M,68.74M,57.44M,64.58M,44.10M,72.55M,56.57M,53.95M,52.20M,71.22M,50.93M,43.85M,41.12M,67.64M,45.37M,32.26M,20.39M,61.15M,38.50M,30.69M,20.39M,70.60M,32.72M,33.02M,24.74M,65.08M,38.34M,34.02M,27.24M,59.45M,38.30M,45.46M,40.54M,77.62M,51.62M,47.48M,50.76M,82.40M,58.23M,48.35M,-154.35M,78.37M,62.32M,61.87M,45.10M,85.90M,64.20M,67.00M,46.60M,90.50M,58.00M,59.80M,44.10M,85.80M,53.60M,57.60M,52.10M,75.10M,60.10M,62.40M,56.10M,96.50M,60.00M,64.40M,51.80M,84.50M,50.50M,64.60M,150.60M,189.40M,151.00M,161.90M,154.20M,175.90M,160.50M,176.80M,184.30M,167.60M,151.60M,169.90M,152.70M,162.10M,125.60M,137.00M,130.50M,144.10M,127.70M,128.90M,127.10M,144.60M,120.50M,126.70M,121.30M,134.40M,120.00M,121.90M,113.00M,118.70M,112.10M,127.30M,128.80M,129.80M,121.10M,135.20M,124.30M,132.60M,122.80M,129.80M
Reconciled Depreciation,266.00M,256.00M,240.00M,236.00M,230.00M,243.00M,231.00M,224.00M,228.00M,227.00M,215.00M,216.00M,103.00M,249.00M,255.00M,246.00M,198.00M,189.00M,245.00M,164.00M,476.76M,36.20M,37.12M,40.92M,443.64M,51.37M,46.28M,50.71M,46.08M,46.89M,43.65M,47.17M,42.58M,42.27M,39.58M,45.80M,31.88M,28.78M,27.43M,27.64M,25.20M,26.94M,23.29M,24.50M,18.65M,22.56M,20.50M,20.48M,3.827M,25.85M,26.49M,14.84M,-5.565M,21.46M,17.44M,17.75M,11.25M,34.38M,11.50M,13.44M,-6.237M,29.95M,10.83M,12.13M,5.518M,17.21M,15.93M,20.82M,12.75M,22.52M,17.62M,17.72M,21.67M,29.49M,19.57M,15.90M,-0.329M,28.98M,18.93M,18.49M,,26.30M,23.90M,28.80M,,,,,,,,,,,,,,,,,,,,,,,,,,,,,,,,,,,,,,,,,,,,,,,,,,,,,,,,,,,,
EBIT,336.00M,244.00M,210.00M,335.00M,242.00M,238.00M,207.00M,384.00M,-445.00M,203.00M,232.00M,413.00M,313.00M,222.00M,342.00M,400.00M,104.00M,174.00M,82.00M,209.00M,767.96M,40.51M,35.88M,104.64M,42.38M,31.13M,51.68M,104.80M,74.37M,49.35M,44.70M,100.26M,63.85M,42.00M,45.32M,104.48M,34.26M,39.96M,30.02M,36.94M,18.90M,45.61M,33.28M,29.44M,28.79M,43.90M,25.72M,18.67M,15.09M,41.79M,18.88M,12.67M,3.148M,39.69M,21.06M,12.94M,9.123M,36.22M,16.94M,14.60M,12.85M,35.12M,21.82M,16.53M,17.88M,36.45M,16.38M,19.03M,17.81M,46.52M,31.49M,27.44M,24.82M,52.91M,36.96M,28.85M,-155.96M,49.39M,43.39M,38.10M,19.70M,59.60M,40.30M,38.20M,20.70M,61.30M,31.70M,33.50M,21.80M,62.50M,24.40M,34.50M,29.80M,52.40M,37.90M,41.00M,34.40M,72.60M,36.70M,40.20M,30.10M,65.50M,33.20M,43.70M,150.60M,189.40M,151.00M,161.90M,154.20M,175.90M,160.50M,176.80M,184.30M,167.60M,151.60M,169.90M,152.70M,162.10M,125.60M,137.00M,130.50M,144.10M,127.70M,128.90M,127.10M,144.60M,120.50M,126.70M,121.30M,134.40M,120.00M,121.90M,113.00M,118.70M,112.10M,127.30M,128.80M,129.80M,121.10M,135.20M,124.30M,132.60M,122.80M,129.80M
EPS Basic from Continuing Operations,0.72,0.48,0.36,0.70,0.38,0.40,0.35,0.79,-0.25,0.32,0.39,0.77,0.67,0.35,0.33,0.69,0.39,0.22,0.04,0.42,6.132,0.22,0.16,0.98,-2.228,0.10,0.35,1.02,0.57,0.31,0.24,0.93,0.41,0.24,0.28,1.03,0.09,0.52,0.38,0.53,0.20,0.73,0.51,0.48,0.34,0.86,0.45,0.26,0.35,0.92,0.38,0.22,0.08,1.21,0.42,0.69,0.19,0.76,0.27,0.22,0.2930,1.13,0.72,0.40,-0.2259,1.19,0.35,0.39,0.2404,1.53,0.64,0.68,0.70,1.77,1.08,0.67,0.46,1.40,0.756,0.72,0.144,1.068,0.594,0.42,0.06,1.122,0.234,0.384,0.264,1.008,0.366,0.324,0.024,0.762,0.45,0.492,0.276,1.134,0.402,0.372,0.084,1.068,0.24,0.516,-0.27,0.924,0.396,0.492,0.186,0.642,0.882,0.546,0.162,0.546,0.366,0.804,0.474,0.954,0.36,0.348,0.252,-3.984,-0.09,0.30,,-0.222,0.954,1.278,,1.122,0.888,1.098,,0.99,0.774,0.90,,0.93,0.744,0.972,,0.678,0.732,0.99
EPS Basic from Discontinued Operations,,,,,,,,,,,,,,,,,,,,,,,,,,,,,,,,,,0.00,0.00,0.00,,0.00,0.00,0.00,0.00,0.00,0.00,0.00,0.01,0.00,0.00,0.00,-0.01,-0.08,0.01,0.00,-1.80,-0.73,-0.30,-2.24,0.07,0.00,-0.13,0.00,0.0480,0.00,3.37,0.10,,0.00,-0.05,-0.02,,0.00,0.00,0.00,-0.01,0.00,0.00,0.00,0.00,0.00,0.00,0.00,0.00,0.00,0.00,0.00,0.00,0.00,0.00,0.00,0.00,0.00,0.00,0.00,0.00,0.00,0.00,0.00,0.00,0.00,0.00,0.00,0.00,0.00,0.00,-0.054,0.00,0.00,0.00,0.00,0.00,0.00,0.00,0.00,0.00,0.00,0.00,0.00,0.00,0.00,0.00,0.00,0.00,0.00,0.00,0.00,,0.00,0.00,0.00,,0.00,0.00,0.00,,0.00,0.00,0.00,,0.00,0.00,0.00,,0.00,0.00,0.00
EPS Basic from Extraordinaries,,,,,,,,,,,,,,,,,,,,,,,,,,,,,,,,,,,,,,,,,,,,,,,,,,,,,,,,,,,,,,,,,,,,,,,,,,,,,,,,,,,,,,,,,,,,,,,,,,,,,0.00,,,0.00,,,,,,,,,,,,,,,,,,,,,,,,,,,,,,,,,,,,,,,,
Normalized Basic EPS,0.1911,0.48,0.36,0.70,0.2851,0.4027,0.3759,0.8024,0.9248,0.32,0.39,0.77,0.67,0.35,0.33,0.69,0.3464,0.2271,0.0591,0.42,6.105,0.1982,0.2139,1.068,7.650,0.2690,0.2911,0.9592,0.3509,0.31,0.24,0.93,0.3583,0.1424,0.2218,0.9818,0.2370,0.5603,0.4391,0.4680,0.2699,0.6759,0.4753,0.4723,0.3447,0.8361,0.4300,0.2596,0.3443,0.8559,0.3383,0.2014,0.0747,1.046,0.3587,0.1771,0.1557,0.6939,0.2431,0.3166,0.4088,1.087,0.6602,0.3414,-0.2517,1.102,0.3195,0.4083,0.2781,1.424,0.7977,0.6889,0.6561,1.655,1.004,0.6179,-7.735,1.514,0.7858,0.6495,0.1002,1.060,0.6551,0.4329,0.2707,1.076,0.351,0.3736,0.1967,1.005,0.3477,0.3035,0.1995,0.7646,0.4592,0.4971,0.3178,1.170,0.4309,0.3796,0.1299,1.053,0.2627,0.5109,-0.27,0.924,0.396,0.492,0.186,0.642,0.882,0.546,0.162,0.546,0.366,0.804,0.474,0.954,0.36,0.348,0.252,-3.984,-0.09,0.30,,-0.222,0.954,1.278,,1.122,0.888,1.098,,0.99,0.774,0.90,,0.93,0.744,0.972,,0.678,0.732,0.99
EPS Basic,0.72,0.48,0.36,0.70,0.38,0.40,0.35,0.79,-0.25,0.32,0.39,0.77,0.67,0.35,0.33,0.69,0.39,0.22,0.04,0.42,6.132,0.22,0.16,0.98,-2.228,0.10,0.35,1.02,0.57,0.31,0.24,0.93,0.41,0.24,0.28,1.03,0.09,0.52,0.38,0.53,0.20,0.73,0.51,0.48,0.35,0.86,0.45,0.26,0.34,0.84,0.39,0.22,-1.72,0.48,0.12,-1.55,0.26,0.76,0.14,0.22,0.3410,1.13,4.09,0.50,-0.2259,1.19,0.30,0.37,0.2404,1.53,0.64,0.68,0.69,1.77,1.08,0.67,0.46,1.40,0.756,0.72,0.144,1.068,0.594,0.42,0.06,1.122,0.234,0.384,0.264,1.008,0.366,0.324,0.024,0.762,0.45,0.492,0.276,1.134,0.402,0.372,0.084,1.068,0.24,0.462,-0.27,0.924,0.396,0.492,0.186,0.642,0.882,0.546,0.162,0.546,0.366,0.804,0.474,0.954,0.36,0.348,0.252,-3.984,-0.09,0.30,,-0.222,0.954,1.278,,1.122,0.888,1.098,,0.99,0.774,0.90,,0.93,0.744,0.972,,0.678,0.732,0.99
EPS Diluted from Continuing Operations,0.72,0.48,0.36,0.70,0.38,0.40,0.34,0.79,-0.25,0.32,0.39,0.77,0.67,0.35,0.33,0.69,0.39,0.22,0.04,0.42,6.132,0.22,0.16,0.97,-2.228,0.10,0.35,1.01,0.56,0.31,0.23,0.92,0.41,0.24,0.28,1.02,0.09,0.52,0.38,0.53,0.20,0.73,0.51,0.47,0.33,0.85,0.44,0.26,0.35,0.91,0.38,0.21,0.08,1.19,0.42,0.69,0.19,0.75,0.27,0.22,-0.74,1.13,0.72,0.39,-0.54,1.19,0.35,0.39,0.2404,1.53,0.64,0.67,0.70,1.762,1.075,0.67,0.4506,1.396,0.756,0.72,0.144,1.068,0.594,0.42,0.06,1.122,0.234,0.384,0.258,1.008,0.366,0.324,0.024,0.756,0.45,0.492,0.27,1.134,0.402,0.372,0.084,1.068,0.24,0.516,-0.27,0.924,0.396,0.492,0.186,0.642,0.882,0.546,0.162,0.546,0.366,0.804,0.474,0.954,0.36,0.348,0.252,-3.984,-0.09,0.30,,-0.222,0.954,1.278,,1.122,0.888,1.098,,0.99,0.774,0.90,,0.93,0.744,0.972,,0.678,0.732,0.99
EPS Diluted from Discontinued Operations,,,,,,,,,,,,,,,,,,,,,,,,,,,,,,,,,,0.00,0.00,0.00,,0.00,0.00,0.00,0.00,0.00,0.00,0.00,0.01,0.00,0.00,0.00,-0.01,-0.08,0.01,0.00,-1.80,-0.73,-0.30,-2.24,0.07,0.00,-0.13,0.00,-1.36,0.00,3.36,0.10,-0.34,0.00,-0.05,-0.02,,0.00,0.00,0.00,-0.01,0.00,0.00,0.00,0.00,0.00,0.00,0.00,0.00,0.00,0.00,0.00,0.00,0.00,0.00,0.00,0.00,0.00,0.00,0.00,0.00,0.00,0.00,0.00,0.00,0.00,0.00,0.00,0.00,0.00,0.00,-0.054,0.00,0.00,0.00,0.00,0.00,0.00,0.00,0.00,0.00,0.00,0.00,0.00,0.00,0.00,0.00,0.00,0.00,0.00,0.00,0.00,,0.00,0.00,0.00,,0.00,0.00,0.00,,0.00,0.00,0.00,,0.00,0.00,0.00,,0.00,0.00,0.00
EPS Diluted from Extraordinaries,,,,,,,,,,,,,,,,,,,,,,,,,,,,,,,,,,,,,,,,,,,,,,,,,,,,,,,,,,,,,,,,,,,,,,,,,,,,,,,,,,,,,,,,,,,,,,,,,,,,,0.0000,,,-0.0556,,,,,,,,,,,,,,,,,,,,,,,,,,,,,,,,,,,,,,,,
Normalized Diluted EPS,0.1912,0.48,0.36,0.70,0.2852,0.4027,0.3659,0.8024,0.9248,0.32,0.39,0.77,0.67,0.35,0.33,0.69,0.3464,0.2271,0.0591,0.42,6.105,0.1983,0.2137,1.058,7.650,0.2682,0.2914,0.9495,0.3425,0.31,0.23,0.92,0.3587,0.1430,0.2221,0.9721,0.2356,0.5600,0.4387,0.4685,0.2693,0.6763,0.4757,0.4624,0.3346,0.8264,0.4202,0.2596,0.3444,0.8466,0.3388,0.1916,0.0748,1.028,0.3594,0.1814,0.1562,0.6845,0.2433,0.3160,-0.6242,1.087,0.6603,0.3318,-0.5658,1.102,0.3195,0.4083,0.2781,1.424,0.7969,0.6788,0.6563,1.647,0.9999,0.6181,-7.713,1.510,0.7858,0.6495,0.1002,1.060,0.6551,0.4329,0.2707,1.076,0.351,0.3736,0.1915,1.005,0.3477,0.3035,0.1989,0.7585,0.4592,0.4971,0.3114,1.170,0.4309,0.3796,0.1299,1.053,0.2627,0.5109,-0.27,0.924,0.396,0.492,0.186,0.642,0.882,0.546,0.162,0.546,0.366,0.804,0.474,0.954,0.36,0.348,0.252,-3.984,-0.09,0.30,,-0.222,0.954,1.278,,1.122,0.888,1.098,,0.99,0.774,0.90,,0.93,0.744,0.972,,0.678,0.732,0.99
EPS Diluted,0.72,0.48,0.36,0.70,0.38,0.40,0.34,0.79,-0.25,0.32,0.39,0.77,0.67,0.35,0.33,0.69,0.39,0.22,0.04,0.42,6.132,0.22,0.16,0.97,-2.228,0.10,0.35,1.01,0.56,0.31,0.23,0.92,0.41,0.24,0.28,1.02,0.09,0.52,0.38,0.53,0.20,0.73,0.51,0.47,0.34,0.85,0.44,0.26,0.34,0.83,0.39,0.21,-1.72,0.47,0.12,-1.55,0.26,0.75,0.14,0.22,-2.10,1.13,4.08,0.49,-0.88,1.19,0.30,0.37,0.2404,1.53,0.64,0.67,0.69,1.762,1.075,0.67,0.4506,1.396,0.756,0.72,0.144,1.068,0.594,0.42,0.06,1.122,0.234,0.384,0.258,1.008,0.366,0.324,0.024,0.756,0.45,0.492,0.27,1.134,0.402,0.372,0.084,1.068,0.24,0.462,-0.27,0.924,0.396,0.492,0.186,0.642,0.882,0.546,0.162,0.546,0.366,0.804,0.474,0.954,0.36,0.348,0.252,-3.984,-0.09,0.30,,-0.222,0.954,1.278,,1.122,0.888,1.098,,0.99,0.774,0.90,,0.93,0.744,0.972,,0.678,0.732,0.99
Average Basic Shares Outstanding,309.49M,309.49M,309.49M,309.49M,309.49M,309.49M,309.52M,309.51M,309.49M,309.49M,309.52M,309.51M,309.49M,309.50M,309.53M,309.54M,261.65M,252.24M,252.24M,252.24M,56.55M,56.86M,56.84M,56.78M,56.46M,50.99M,50.97M,50.89M,51.04M,50.80M,50.79M,50.69M,50.64M,50.64M,50.63M,50.52M,50.66M,32.18M,30.09M,30.01M,30.00M,29.88M,27.00M,25.19M,25.16M,25.14M,25.11M,25.05M,25.02M,25.01M,25.00M,24.91M,24.62M,24.46M,24.36M,24.32M,24.31M,24.28M,24.21M,14.50M,14.51M,14.39M,14.36M,14.34M,14.31M,14.30M,14.29M,14.28M,14.27M,14.26M,14.25M,14.16M,14.11M,14.10M,14.09M,14.08M,14.08M,14.07M,23.46M,23.45M,23.30M,23.41M,23.57M,23.33M,18.51M,23.26M,23.08M,23.18M,23.18M,23.12M,22.95M,23.46M,22.56M,23.36M,19.56M,23.58M,22.95M,23.28M,18.66M,23.66M,23.51M,23.50M,23.75M,23.38M,23.54M,23.48M,23.48M,23.37M,23.34M,23.21M,23.24M,23.08M,23.44M,23.26M,23.50M,23.13M,23.01M,23.06M,23.06M,22.99M,23.28M,23.14M,23.15M,23.15M,23.15M,23.15M,23.15M,23.15M,23.15M,23.15M,23.14M,23.14M,23.14M,23.07M,23.01M,22.87M,22.87M,22.77M,22.65M,22.53M,22.38M,22.06M,21.92M,21.92M
Average Diluted Shares Outstanding,309.52M,309.52M,309.51M,309.71M,309.73M,309.69M,309.72M,309.79M,309.49M,309.80M,309.83M,309.84M,309.49M,310.00M,309.68M,309.81M,261.71M,252.24M,252.24M,252.24M,56.55M,57.13M,57.10M,57.04M,56.46M,51.23M,51.20M,51.16M,51.42M,51.03M,51.04M,50.98M,51.05M,50.93M,50.87M,50.80M,51.13M,32.46M,30.31M,30.28M,30.27M,30.13M,27.34M,25.54M,25.68M,25.43M,25.38M,25.40M,25.38M,25.29M,25.27M,25.23M,24.97M,24.85M,24.68M,24.53M,24.64M,24.49M,24.39M,14.59M,14.51M,14.44M,14.39M,14.43M,14.31M,14.30M,14.30M,14.28M,14.27M,14.27M,14.32M,14.26M,14.15M,14.15M,14.15M,14.14M,14.13M,14.11M,23.46M,23.45M,23.30M,23.41M,23.57M,23.33M,18.51M,23.26M,23.08M,23.18M,23.46M,23.12M,22.95M,23.46M,22.64M,23.54M,19.56M,23.58M,23.19M,23.28M,18.66M,23.66M,23.51M,23.50M,23.75M,23.38M,23.54M,23.48M,23.48M,23.37M,23.34M,23.21M,23.24M,23.08M,23.44M,23.26M,23.50M,23.13M,23.01M,23.06M,23.06M,22.99M,23.28M,23.14M,23.15M,23.15M,23.15M,23.15M,23.15M,23.15M,23.15M,23.15M,23.14M,23.14M,23.14M,23.07M,23.01M,22.87M,22.87M,22.77M,22.65M,22.53M,22.38M,22.06M,21.92M,21.92M
Dividend Per Share,0.44,0.44,0.44,0.44,0.44,0.44,0.432,0.432,0.432,0.432,0.432,0.432,0.432,0.432,0.432,0.432,,,,,,,,,,,,,,,,,,,,,,,,,,,,,,,,,,,,,,,,,,,,,,,,,,,,,,,,,,,,,,,,,,,,,,,,,,,,,,,,,,,,,,,,,,,,,,,,,,,,,,,,,,,,,,,,,,,,,,,,,,,,,,,,
As Originally Reported,AOR,AOR,AOR,AOR,AOR,AOR,AOR,AOR,AOR,AOR,AOR,AOR,AOR,AOR,AOR,AOR,AOR,AOR,AOR,AOR,AOR,AOR,AOR,AOR,AOR,AOR,AOR,AOR,AOR,AOR,AOR,AOR,AOR,AOR,AOR,AOR,AOR,AOR,AOR,AOR,AOR,AOR,AOR,AOR,AOR,,,,,,,,,,,,,,,,,,,,,,,,,,,,,,,,,,,,,,,,,,,,,,,,,,,,,,,,,,,,,,,,,,,,,,,,,,,,,,,,,,,,,,,,,,,,,,,,,,,
Restated,,,,,Restated,Restated,Restated,Restated,Restated,Restated,Restated,Restated,Restated,Restated,Restated,Restated,Restated,Restated,Restated,Restated,Restated,Restated,Restated,Restated,Restated,Restated,Restated,Restated,Restated,Restated,Restated,Restated,Restated,Restated,Restated,Restated,Restated,Restated,Restated,Restated,Restated,Restated,Restated,Restated,Restated,,,,,,,,,,,,,,,,,,,,,,,,,,,,,,,,,,,,,,,,,,,,,,,,,,,,,,,,,,,,,,,,,,,,,,,,,,,,,,,,,,,,,,,,,,,,,,,,,,,
