Income (Quarterly),2019-12,2019-09,2019-06,2019-03,2018-12,2018-09,2018-06,2018-03,2017-12,2017-09,2017-06,2017-03,2016-12,2016-09,2016-06,2016-03,2015-12,2015-09,2015-06,2015-03,2014-12,2014-09,2014-06,2014-03,2013-12,2013-09,2013-06,2013-03,2012-12,2012-09,2012-06,2012-03,2011-12,2011-09,2011-06,2011-03,2010-12,2010-09,2010-06,2010-03,2009-12,2009-09,2009-06,2009-03,2008-12,2008-09,2008-06,2008-03,2007-12,2007-09,2007-06,2007-03,2006-12,2006-09,2006-06,2006-03,2005-12,2005-09,2005-06,2005-03,2004-12,2004-09,2004-06,2004-03,2003-12,2003-09,2003-06,2003-03,2002-12,2002-09,2002-06,2002-03,2001-12,2001-09,2001-06,2001-03,2000-12,2000-09,2000-06,2000-03,1999-12,1999-09,1999-06,1999-03,1998-12,1998-09,1998-06,1998-03,1997-12,1997-09,1997-06,1997-03,1996-12,1996-09,1996-06,1996-03,1995-12,1995-09,1995-06,1995-03,1994-12,1994-09,1994-06,1994-03,1993-12,1993-09,1993-06,1993-03,1992-12,1992-09,1992-06,1992-03,1991-12,1991-09,1991-06,1991-03,1990-12,1990-09,1990-06,1990-03,1989-12,1989-09,1989-06,1989-03,1988-12,1988-09,1988-06,1988-03,1987-12,1987-09,1987-06,1987-03,1986-12,1986-09,1986-06,1986-03,1985-12,1985-09,1985-06,1985-03,1984-12,1984-09,1984-06,1984-03
Operating Revenue,2.027B,2.176B,1.884B,2.416B,2.013B,2.271B,1.854B,2.288B,1.895B,1.989B,1.763B,2.105B,1.799B,2.040B,1.767B,2.056B,1.705B,1.933B,1.817B,2.513B,1.828B,1.893B,1.678B,2.291B,1.673B,1.893B,1.636B,1.995B,1.561B,1.862B,1.629B,1.100B,1.012B,1.115B,1.047B,1.235B,1.204B,1.243B,1.111B,1.339B,1.315B,1.306B,1.224B,1.593B,1.448B,1.507B,1.325B,1.520B,1.275B,1.451B,1.392B,1.704B,1.476B,1.593B,1.661B,2.147B,1.827B,1.755B,1.532B,2.233B,1.633B,1.624B,1.525B,1.838B,1.515B,1.640B,1.330B,1.584B,1.467B,1.361B,1.673B,1.284B,1.299B,1.531B,1.583B,1.801B,1.497B,1.582B,1.415B,1.382B,1.149B,1.240B,1.039B,1.043B,959.60M,974.40M,874.80M,958.90M,979.00M,977.10M,903.30M,975.40M,936.50M,955.50M,871.90M,1.028B,980.50M,985.10M,840.30M,944.70M,898.20M,923.70M,854.60M,966.20M,901.90M,915.20M,853.80M,958.20M,867.70M,867.70M,718.70M,762.70M,722.80M,692.70M,637.00M,701.30M,891.30M,600.90M,526.40M,597.70M,574.10M,562.40M,510.20M,559.60M,527.90M,543.90M,469.90M,537.50M,346.90M,499.10M,491.70M,540.30M,513.20M,471.80M,497.20M,549.90M,534.00M,477.10M,479.00M,590.90M,529.20M,500.50M,482.10M,583.50M
Revenue,2.050B,2.176B,1.884B,2.416B,2.035B,2.271B,1.854B,2.288B,1.895B,1.989B,1.763B,2.105B,1.777B,2.040B,1.767B,2.056B,1.691B,1.933B,1.817B,2.513B,1.881B,1.893B,1.678B,2.291B,1.778B,1.893B,1.636B,1.995B,1.684B,1.862B,1.629B,1.100B,1.068B,1.115B,1.047B,1.235B,1.204B,1.243B,1.111B,1.339B,1.315B,1.306B,1.224B,1.593B,1.448B,1.507B,1.325B,1.520B,1.275B,1.451B,1.392B,1.704B,1.476B,1.593B,1.661B,2.147B,1.827B,1.755B,1.532B,2.233B,1.633B,1.624B,1.525B,1.838B,1.515B,1.640B,1.330B,1.584B,1.467B,1.361B,1.673B,1.284B,1.299B,1.531B,1.583B,1.801B,1.497B,1.582B,1.415B,1.382B,1.149B,1.240B,1.039B,1.043B,959.60M,974.40M,874.80M,958.90M,979.00M,977.10M,903.30M,975.40M,936.50M,955.50M,871.90M,1.028B,980.50M,985.10M,840.30M,944.70M,898.20M,923.70M,854.60M,966.20M,901.90M,915.20M,853.80M,958.20M,867.70M,867.70M,718.70M,762.70M,722.80M,692.70M,637.00M,701.30M,891.30M,600.90M,526.40M,597.70M,574.10M,562.40M,510.20M,559.60M,527.90M,543.90M,469.90M,537.50M,346.90M,499.10M,491.70M,540.30M,513.20M,471.80M,497.20M,549.90M,534.00M,477.10M,479.00M,590.90M,529.20M,500.50M,482.10M,583.50M
Cost of Goods Sold,1.083B,1.061B,948.91M,1.310B,1.060B,1.187B,947.77M,1.279B,930.92M,959.55M,859.90M,1.092B,875.45M,990.54M,901.97M,1.075B,889.08M,1.030B,1.002B,1.495B,1.061B,1.061B,997.44M,1.330B,1.026B,1.033B,845.47M,1.094B,939.85M,998.28M,1.072B,657.31M,1.368B,441.49M,412.51M,474.11M,1.496B,494.12M,648.89M,603.35M,595.47M,611.63M,583.60M,838.92M,976.51M,1.033B,898.90M,1.109B,1.555B,881.23M,804.80M,1.070B,930.91M,1.046B,1.110B,1.537B,1.706B,1.173B,979.92M,1.669B,1.204B,1.107B,912.42M,1.176B,968.89M,1.034B,767.00M,965.04M,914.98M,797.50M,1.158B,726.62M,754.80M,985.06M,1.010B,1.167B,800.68M,918.78M,816.16M,768.37M,547.70M,592.80M,377.40M,380.40M,,,306.10M,,,,276.90M,,320.20M,308.10M,199.70M,311.70M,228.30M,242.90M,200.30M,237.60M,203.90M,220.70M,182.20M,225.60M,,,,,,,,,,,,,,,,,,,,,,,,,,,,,,,,,,,,,,,,
Gross Profit,967.84M,1.114B,935.58M,1.105B,974.61M,1.085B,906.08M,1.009B,964.57M,1.029B,902.91M,1.013B,901.13M,1.049B,865.21M,980.64M,802.12M,903.18M,815.30M,1.018B,820.03M,831.81M,680.17M,960.75M,751.74M,860.01M,790.39M,901.12M,744.11M,863.25M,556.69M,442.32M,-300.06M,673.40M,634.97M,761.14M,-292.16M,749.21M,462.53M,736.07M,719.88M,694.54M,640.83M,754.56M,471.37M,473.62M,426.44M,410.77M,-280.64M,569.85M,587.25M,633.03M,545.54M,546.60M,551.39M,610.19M,120.27M,581.86M,551.69M,563.80M,428.87M,517.37M,612.25M,662.07M,545.93M,606.45M,563.04M,619.14M,551.93M,563.55M,514.87M,557.85M,543.76M,545.60M,573.42M,633.57M,696.70M,663.17M,598.81M,613.95M,601.10M,647.70M,661.17M,663.00M,,,568.70M,,,,626.40M,,616.30M,647.40M,672.20M,716.50M,752.20M,742.20M,640.00M,707.10M,694.30M,703.00M,672.40M,740.60M,,,,,,,,,,,,,,,,,,,,,,,,,,,,,,,,,,,,,,,,
Income Statement Depreciation,228.65M,222.60M,219.08M,214.95M,207.85M,208.67M,199.14M,204.27M,202.65M,194.47M,189.88M,186.80M,183.68M,181.29M,176.51M,173.99M,170.47M,167.88M,163.67M,163.84M,158.43M,153.21M,152.21M,150.81M,147.14M,149.10M,159.55M,154.98M,149.21M,144.48M,144.48M,80.84M,79.41M,75.20M,73.64M,73.95M,72.05M,70.95M,79.08M,78.66M,77.79M,77.07M,77.77M,76.98M,72.80M,69.72M,68.32M,67.75M,,,,,,,,,,,,,,,,,,,,,,,,,,,,,,,,,,,,,,,,,,,,,,,,,,,,,,,,,,,,,,,,,,,,,,,,,,,,,,,,,,,,,,,,,,,,,,,,
Amortization Expense,11.62M,73.85M,38.94M,70.96M,77.92M,92.71M,36.20M,45.19M,31.93M,41.85M,7.807M,24.02M,,,,,,,,,,,,,,,,,,,,,,,,,,,,8.327M,-5.879M,10.54M,13.04M,21.69M,54.21M,61.39M,41.94M,28.86M,,,,,,,,,,,,,,,,,,,,,,,,,,,,,,,,,,,,,,,,,,,,,,,,,,,,,,,,,,,,,,,,,,,,,,,,,,,,,,,,,,,,,,,,,,,,,,,,
Special Income and Charges,0.00,0.00,-239.64M,,0.00,0.00,0.00,,,,,,,,,,,,,,,,,,,,,,,,,,,1.43M,7.334M,10.31M,,10.12M,1.552M,8.057M,11.72M,9.49M,10.41M,3.382M,8.818M,17.68M,10.37M,13.56M,24.96M,10.73M,11.87M,14.07M,25.94M,12.08M,12.16M,16.20M,26.57M,11.77M,10.29M,5.906M,15.15M,5.977M,2.862M,1.687M,-6.443M,4.678M,0.754M,0.576M,24.11M,32.06M,1.653M,-14.00M,638.94M,17.72M,7.673M,0.807M,-13.65M,16.28M,-0.49M,2.847M,-76.30M,-24.90M,2.10M,2.00M,,,-0.20M,,,,6.90M,,19.00M,11.20M,14.80M,10.00M,19.70M,12.50M,7.90M,8.30M,21.30M,10.40M,22.90M,21.30M,,,,,,,,,,,,,,,,,,,,,,,,,,,,,,,,,,,,,,,,
Non Income Taxes,173.40M,171.96M,181.08M,184.59M,182.60M,187.29M,177.43M,182.43M,197.11M,168.19M,156.23M,155.22M,154.85M,164.94M,154.33M,159.95M,151.35M,150.80M,138.94M,149.48M,139.52M,141.53M,134.80M,145.53M,120.38M,135.50M,123.46M,132.88M,114.65M,120.66M,112.86M,86.04M,70.79M,84.99M,79.42M,88.40M,70.31M,84.43M,74.41M,85.60M,65.55M,75.80M,54.42M,86.43M,67.43M,69.03M,59.28M,71.83M,58.75M,63.48M,57.36M,72.59M,57.53M,62.18M,54.44M,76.42M,59.51M,60.64M,53.21M,74.19M,42.76M,55.20M,55.70M,77.59M,54.07M,53.17M,51.46M,73.97M,50.48M,47.58M,54.86M,74.60M,48.46M,39.65M,55.20M,75.89M,59.73M,59.17M,61.32M,58.36M,59.30M,70.60M,60.90M,70.60M,,,61.30M,,,,59.70M,,60.10M,64.80M,61.40M,71.30M,61.30M,63.40M,59.00M,65.80M,56.40M,63.60M,59.90M,67.10M,,,,,,,,,,,,,,,,,,,,,,,,,,,,,,,,,,,,,,,,
Operating Interest Expense,133.54M,135.22M,132.70M,131.73M,126.07M,125.20M,126.40M,121.13M,102.28M,108.72M,107.33M,103.43M,102.39M,99.86M,100.49M,98.21M,92.78M,92.53M,92.26M,94.84M,89.90M,89.74M,92.50M,89.98M,88.12M,87.48M,86.85M,76.26M,84.09M,90.36M,89.05M,66.45M,65.71M,63.93M,62.23M,61.40M,51.30M,65.90M,67.20M,67.26M,68.07M,69.64M,64.96M,70.98M,69.55M,70.90M,66.06M,62.64M,,,,,,,,,,,,,,,,,,,,,,,,,,,,,,,,,,,,,,,,,,,,,,,,,,,,,,,,,,,,,,,,,,,,,,,,,,,,,,,,,,,,,,,,,,,,,,,,
Operating Interest Income,,,,,,,,,,,,,,,,,,,,,,,,,,,,,,,,,,,,,,,,,,,2.00M,0.80M,,,,,,,,,,,,,,,,,,,,,,,,,,,,,,,,,,,,,,,,,,,,,,,,,,,,,,,,,,,,,,,,,,,,,,,,,,,,,,,,,,,,,,,,,,,,,,,,,,,,
Net Operating Interest Income,-133.54M,-135.22M,-132.70M,-131.73M,-126.07M,-125.20M,-126.40M,-121.13M,-102.28M,-108.72M,-107.33M,-103.43M,-102.39M,-99.86M,-100.49M,-98.21M,-92.78M,-92.53M,-92.26M,-94.84M,-89.90M,-89.74M,-92.50M,-89.98M,-88.12M,-87.48M,-94.93M,-110.75M,-123.96M,-133.40M,-129.80M,-84.79M,-135.62M,-63.93M,-62.23M,-61.40M,-269.80M,-65.90M,-67.20M,-67.26M,-68.07M,-69.64M,-62.96M,-70.18M,-69.55M,-70.90M,-66.06M,-62.64M,,,,,,,,,,,,,,,,,,,,,,,,,,,,,,,,,,,,,,,,,,,,,,,,,,,,,,,,,,,,,,,,,,,,,,,,,,,,,,,,,,,,,,,,,,,,,,,,
Other Operating Expenses,118.58M,136.83M,105.84M,140.12M,106.22M,129.96M,101.96M,134.24M,89.07M,129.20M,116.40M,146.16M,71.47M,193.06M,110.95M,158.17M,94.89M,115.26M,100.68M,207.21M,91.78M,96.16M,99.17M,196.72M,123.56M,176.14M,148.72M,159.82M,108.97M,142.16M,99.08M,42.70M,-705.08M,309.39M,303.78M,371.43M,-862.64M,394.20M,130.71M,353.48M,390.06M,368.57M,342.49M,352.18M,105.64M,124.42M,118.78M,110.06M,-426.28M,249.10M,305.49M,283.22M,334.71M,306.16M,321.06M,359.16M,-92.86M,424.83M,394.30M,491.83M,274.41M,285.73M,338.41M,284.83M,316.18M,277.96M,298.99M,235.16M,51.93M,252.38M,272.17M,250.34M,875.02M,254.51M,240.70M,-541.11M,313.22M,293.49M,263.68M,240.17M,-25.50M,217.40M,407.80M,287.70M,,,306.70M,,,,478.10M,,438.30M,399.40M,401.00M,346.90M,271.60M,337.90M,290.90M,302.50M,341.80M,346.60M,325.60M,317.00M,,,,,,,,,,,,,,,,,,,,,,,,,,,,,,,,,,,,,,,,
Total Operating Expenses,532.25M,605.25M,544.95M,610.61M,574.59M,618.64M,514.73M,566.13M,520.76M,533.71M,454.71M,512.20M,481.71M,539.29M,441.79M,492.10M,416.71M,433.94M,403.29M,520.52M,389.73M,390.90M,386.18M,493.06M,391.09M,460.75M,431.73M,447.68M,372.83M,407.30M,356.43M,209.58M,-554.88M,469.58M,456.84M,533.78M,-720.28M,549.58M,284.19M,509.41M,527.52M,531.99M,461.65M,537.28M,300.08M,324.55M,288.32M,278.50M,-424.06M,446.51M,469.93M,477.30M,466.91M,470.22M,478.08M,602.75M,144.43M,667.53M,567.78M,690.04M,444.00M,483.92M,516.05M,489.28M,513.63M,479.14M,459.33M,455.11M,419.16M,445.45M,420.82M,443.56M,1.053B,432.23M,431.90M,315.26M,523.62M,485.83M,452.27M,416.12M,442.80M,480.80M,571.60M,552.30M,,,474.80M,,,,639.40M,,656.30M,566.60M,566.20M,523.40M,547.70M,504.00M,465.90M,470.20M,498.30M,491.60M,488.40M,490.00M,,,,,,,,,,,,,,,,,,,,,,,,,,,,,,,,,,,,,,,,
Operating Income,435.60M,509.24M,390.63M,494.70M,400.02M,466.02M,391.35M,442.53M,443.81M,495.25M,448.21M,500.98M,419.42M,509.87M,423.42M,488.54M,385.41M,469.24M,412.02M,497.48M,430.30M,440.91M,293.99M,467.69M,360.65M,399.26M,358.66M,453.44M,371.28M,455.95M,200.27M,232.74M,254.82M,203.82M,178.13M,227.36M,428.12M,199.63M,178.34M,226.66M,192.35M,162.55M,179.19M,217.28M,171.30M,149.08M,138.12M,132.27M,143.43M,123.33M,117.32M,155.73M,78.63M,76.38M,73.31M,7.437M,-24.15M,-85.67M,-16.09M,-126.24M,-15.13M,33.45M,96.20M,172.79M,32.30M,127.32M,103.70M,164.03M,132.77M,118.10M,94.05M,114.29M,-509.23M,113.38M,141.52M,318.31M,173.08M,177.34M,146.54M,197.83M,158.30M,166.90M,89.57M,110.70M,-2.501B,974.40M,93.90M,958.90M,-2.662B,977.10M,-13.00M,975.40M,-40.00M,80.80M,106.00M,193.10M,204.50M,238.20M,174.10M,236.90M,196.00M,211.40M,184.00M,250.60M,901.90M,915.20M,853.80M,958.20M,867.70M,867.70M,718.70M,762.70M,722.80M,692.70M,637.00M,701.30M,891.30M,600.90M,526.40M,597.70M,574.10M,562.40M,510.20M,559.60M,527.90M,543.90M,469.90M,537.50M,346.90M,499.10M,491.70M,540.30M,513.20M,471.80M,497.20M,549.90M,534.00M,477.10M,479.00M,590.90M,529.20M,500.50M,482.10M,583.50M
Non-Operating Interest Income,,,,,,,,,,,,,,,,,,,,,,,,,,,,,,,,,,,,,,,,,,,2.00M,0.80M,,,,,,,,,,,,,,,,,,,,,,,,,,,,,,,,,,,,,,,,,,,,,,,,,,,,,,,,,,,,,,,,,,,,,,,,,,,,,,,,,,,,,,,,,,,,,,,,,,,,
Non-Operating Interest Expense,133.54M,135.22M,132.70M,131.73M,126.07M,125.20M,126.40M,121.13M,102.28M,108.72M,107.33M,103.43M,102.39M,99.86M,100.49M,98.21M,92.78M,92.53M,92.26M,94.84M,89.90M,89.74M,92.50M,89.98M,88.12M,87.48M,86.85M,76.26M,84.09M,90.36M,89.05M,66.45M,65.71M,63.93M,62.23M,61.40M,51.30M,65.90M,67.20M,67.26M,68.07M,69.64M,64.96M,70.98M,69.55M,70.90M,66.06M,62.64M,,,,,,,,,,,,,,,,,,,,,,,,,,,,,,,,,,,,,,,,,,,,,,,,,,,,,,,,,,,,,,,,,,,,,,,,,,,,,,,,,,,,,,,,,,,,,,,,
Net Non-Operating Interest Income Expense,-133.54M,-135.22M,-132.70M,-131.73M,-126.07M,-125.20M,-126.40M,-121.13M,-102.28M,-108.72M,-107.33M,-103.43M,-102.39M,-99.86M,-100.49M,-98.21M,-92.78M,-92.53M,-92.26M,-94.84M,-89.90M,-89.74M,-92.50M,-89.98M,-88.12M,-87.48M,-94.93M,-110.75M,-123.96M,-133.40M,-129.80M,-84.79M,-135.62M,-63.93M,-62.23M,-61.40M,-269.80M,-65.90M,-67.20M,-67.26M,-68.07M,-69.64M,-62.96M,-70.18M,-69.55M,-70.90M,-66.06M,-62.64M,,,,,,,,,,,,,,,,,,,,,,,,,,,,,,,,,,,,,,,,,,,,,,,,,,,,,,,,,,,,,,,,,,,,,,,,,,,,,,,,,,,,,,,,,,,,,,,,
Other Income and Expenses,28.96M,26.97M,-193.78M,30.98M,27.71M,16.72M,50.15M,33.79M,28.74M,28.54M,29.02M,21.62M,40.82M,13.64M,8.038M,2.011M,10.36M,5.241M,12.90M,5.727M,5.565M,11.86M,5.526M,1.667M,8.239M,8.945M,4.944M,7.765M,4.838M,4.324M,1.806M,8.773M,8.638M,1.43M,7.334M,10.31M,22.19M,10.12M,1.552M,8.057M,11.72M,9.49M,10.41M,3.382M,8.818M,17.68M,10.37M,13.56M,24.96M,10.73M,11.87M,14.07M,25.94M,12.08M,12.16M,16.20M,26.57M,11.77M,10.29M,5.906M,15.15M,5.977M,2.862M,1.687M,-6.443M,4.678M,0.754M,0.576M,24.11M,32.06M,1.653M,-14.00M,638.94M,17.72M,7.673M,0.807M,-13.65M,16.28M,-0.49M,2.847M,-76.30M,-24.90M,2.10M,2.00M,,,-0.20M,,,,6.90M,,19.00M,11.20M,14.80M,10.00M,19.70M,12.50M,7.90M,8.30M,21.30M,10.40M,22.90M,21.30M,,,,,,,,,,,,,,,,,,,,,,,,,,,,,,,,,,,,,,,,
Net Interest Income,-133.54M,-135.22M,-132.70M,-131.73M,-126.07M,-125.20M,-126.40M,-121.13M,-102.28M,-108.72M,-107.33M,-103.43M,-102.39M,-99.86M,-100.49M,-98.21M,-92.78M,-92.53M,-92.26M,-94.84M,-89.90M,-89.74M,-92.50M,-89.98M,-88.12M,-87.48M,-94.93M,-110.75M,-123.96M,-133.40M,-129.80M,-84.79M,-135.62M,-63.93M,-62.23M,-61.40M,-269.80M,-65.90M,-67.20M,-67.26M,-68.07M,-69.64M,-62.96M,-70.18M,-69.55M,-70.90M,-66.06M,-62.64M,,,,,,,,,,,,,,,,,,,,,,,,,,,,,,,,,,,,,,,,,,,,,,,,,,,,,,,,,,,,,,,,,,,,,,,,,,,,,,,,,,,,,,,,,,,,,,,,
Pre-Tax Income,330.98M,400.99M,64.15M,393.95M,301.66M,357.54M,315.10M,355.19M,370.27M,415.07M,369.90M,419.17M,357.87M,423.64M,330.97M,392.34M,303.01M,381.94M,332.66M,408.36M,345.93M,363.03M,207.02M,379.38M,280.78M,320.73M,268.67M,350.46M,252.14M,326.87M,72.27M,156.72M,127.80M,141.31M,123.23M,179.12M,180.51M,143.85M,112.70M,167.46M,136.01M,102.41M,126.64M,150.49M,110.57M,95.86M,82.43M,83.19M,112.83M,70.95M,69.67M,110.52M,46.81M,28.34M,24.61M,-37.59M,-57.23M,-133.20M,-69.10M,-176.68M,-31.32M,-22.03M,35.92M,111.70M,-34.08M,68.65M,44.93M,101.06M,89.98M,82.44M,26.70M,33.40M,59.08M,60.82M,75.21M,249.60M,90.96M,113.85M,63.56M,133.93M,15.20M,74.70M,25.30M,40.40M,,,23.30M,,,,-77.40M,,-98.20M,24.20M,46.40M,133.20M,139.30M,173.70M,104.30M,165.90M,138.70M,145.10M,130.50M,195.80M,,,,,,,,,,,,,,,,,,,,,,,,,,,,,,,,,,,,,,,,
Provision for Income Taxes,79.06M,80.23M,30.82M,83.39M,68.48M,66.28M,70.45M,83.77M,130.97M,152.82M,137.27M,157.83M,126.81M,156.45M,125.44M,146.30M,119.33M,144.15M,123.27M,153.23M,122.44M,126.54M,77.77M,141.54M,101.50M,109.35M,95.61M,120.49M,75.55M,117.36M,26.06M,55.96M,13.02M,49.88M,44.52M,63.54M,49.28M,41.92M,39.35M,79.86M,49.90M,36.23M,42.39M,51.42M,37.28M,21.78M,23.19M,23.41M,33.98M,20.78M,22.09M,32.72M,8.761M,-75.70M,8.92M,-18.30M,-53.13M,-34.86M,-32.10M,-64.77M,-18.54M,-14.12M,10.54M,42.86M,-25.57M,23.28M,16.67M,39.47M,32.55M,32.48M,-3.55M,13.37M,7.988M,25.18M,28.48M,112.30M,35.26M,45.55M,47.44M,54.59M,25.60M,37.80M,19.10M,16.00M,,,10.20M,,,,-20.90M,,-30.30M,14.50M,26.50M,59.30M,66.70M,75.60M,53.60M,65.50M,63.20M,69.10M,58.60M,89.30M,,,,,,,,,,,,,,,,,,,,,,,,,,,,,,,,,,,,,,,,
Income from Continuing Operations,251.92M,320.76M,33.33M,310.56M,233.19M,291.26M,244.65M,271.43M,239.30M,262.25M,232.63M,261.34M,231.06M,267.20M,205.53M,246.03M,183.68M,237.80M,209.39M,255.13M,223.49M,236.49M,129.25M,237.84M,179.28M,211.38M,173.06M,229.97M,176.60M,209.51M,46.22M,100.76M,114.78M,91.43M,78.72M,115.58M,131.22M,101.94M,73.35M,87.60M,86.11M,66.18M,84.24M,99.06M,73.29M,74.08M,59.24M,59.78M,73.29M,50.18M,47.58M,77.80M,38.05M,104.04M,15.69M,-19.28M,-4.098M,-98.34M,-37.00M,-111.91M,-12.78M,-7.907M,25.38M,68.83M,-8.51M,45.37M,28.26M,61.59M,57.42M,49.96M,30.25M,20.03M,51.09M,35.64M,46.73M,137.30M,55.70M,68.30M,16.12M,79.34M,-10.40M,36.90M,6.20M,24.40M,-105.50M,-3.10M,13.10M,-17.90M,-6.70M,-51.70M,-56.50M,0.90M,-67.90M,9.70M,19.90M,73.90M,72.60M,98.10M,50.70M,100.40M,75.50M,76.00M,71.90M,106.50M,65.90M,49.70M,18.20M,64.40M,96.80M,63.30M,66.40M,76.50M,17.40M,78.10M,61.30M,79.90M,83.30M,65.90M,40.70M,66.10M,46.00M,56.00M,40.40M,60.80M,98.10M,65.70M,44.00M,55.60M,59.70M,55.40M,53.00M,85.00M,56.80M,65.10M,98.10M,80.90M,102.50M,66.40M,67.50M,96.40M,69.60M,75.90M,54.40M,89.00M
Income from Discontinued Operations,,,,,,,,,,,,,,,,,,,,,,,,,,,,,,,,,,,,,,,,,,,,,,,,,-0.579M,-0.052M,2.36M,-1.313M,310.33M,8.797M,7.942M,10.57M,-7.08M,5.24M,10.68M,-4.423M,47.24M,1.389M,,,,,,,,,,,,,,,,,,,,,,,,,,,,,,,,,,,,,,,,,,,,,,,,,,,,,,,,,,,0.00,,-3.40M,9.30M,3.80M,-3.40M,-1.20M,9.90M,,,,,,,,,,,,,,,,
"Extraordinary Items, Income Statement",,,,,,,,,,,,,,,,,,,,,,,,,,,,,,,,,,,,,,,,,,,,,,,,,,,,,,,,,,,,,,,,,0.00,-4.741M,,,,,,,0.00,,,-22.43M,,,,,,,,,,,,,,,,,,,,,,,,,,,,,0.00,,,51.70M,,,,,,,,,,,,,,,,,,,,,,,,,,,,,,,,,,,,
Income Attributable to Minority Interest,-1.88M,-1.88M,-1.88M,-1.88M,-1.88M,-1.88M,-1.88M,-1.88M,-1.88M,-1.88M,-1.88M,-1.88M,-1.88M,-1.88M,-1.88M,-1.88M,-1.88M,-1.879M,-1.88M,-1.879M,-1.88M,-1.879M,-1.88M,-1.879M,-1.879M,-1.879M,-2.043M,-1.879M,-1.879M,-1.88M,-1.88M,-1.493M,-1.48M,-1.47M,-1.441M,-1.429M,-1.954M,-1.411M,-1.402M,-1.39M,9.728M,-1.39M,-1.389M,-1.39M,,-1.39M,-1.389M,,,,,,,,,,,,,,,,,,,,,,,,,,,,-2.437M,-2.325M,,-2.325M,-2.325M,-0.499M,-8.20M,0.10M,-0.30M,-0.80M,,,0.70M,,,,0.40M,,-6.70M,3.30M,3.70M,3.70M,-6.10M,3.60M,3.90M,2.30M,3.60M,3.70M,3.70M,3.40M,,,,,,,,,,,,,,,,,,,,,,,,,,,,,,,,,,,,,,,,
Preferred Stock Dividend,,,,,,,,,,,,,,,,,,,,,,,,,,,,,,,,,,,,,,,,,,,,,,,,1.39M,1.39M,1.39M,1.389M,1.39M,1.39M,1.39M,1.389M,1.39M,1.39M,1.39M,1.389M,1.39M,1.39M,1.39M,1.389M,1.39M,1.39M,1.39M,1.389M,1.39M,1.39M,1.39M,1.389M,1.39M,5.491M,1.004M,,2.704M,2.739M,2.752M,3.913M,4.758M,5.30M,5.70M,5.90M,5.90M,,,6.80M,,,,7.90M,,8.50M,8.60M,8.30M,8.40M,8.40M,8.60M,8.40M,14.10M,10.70M,10.90M,10.80M,10.60M,,,,,,,,,,,,,,,,,,,,,,,,,,,,,,,,,,,,,,,,
Net Income,250.04M,318.88M,31.45M,308.68M,231.31M,289.38M,242.77M,269.55M,237.42M,260.37M,230.75M,259.46M,229.18M,265.32M,203.65M,244.15M,181.80M,235.92M,207.51M,253.25M,221.61M,234.61M,127.37M,235.96M,177.40M,209.50M,171.02M,228.09M,174.72M,207.63M,44.34M,99.26M,113.30M,89.96M,77.28M,114.16M,129.27M,100.52M,71.95M,86.21M,84.72M,64.79M,82.85M,97.67M,77.46M,72.69M,57.85M,58.39M,72.71M,50.12M,49.94M,76.48M,348.38M,112.84M,23.63M,-8.716M,-12.18M,-93.10M,-26.32M,-116.33M,34.45M,-6.518M,25.38M,68.83M,-8.51M,40.63M,28.26M,61.59M,57.42M,49.96M,30.25M,20.03M,51.09M,35.64M,46.73M,114.87M,-178.18M,68.30M,16.12M,79.34M,-10.40M,36.90M,6.20M,24.40M,-105.50M,-3.10M,13.10M,-17.90M,-6.70M,-51.70M,-56.50M,0.90M,-67.90M,9.70M,19.90M,73.90M,72.60M,98.10M,50.70M,100.40M,75.50M,76.00M,71.90M,106.50M,65.90M,49.70M,18.20M,116.10M,96.80M,63.30M,66.40M,76.50M,17.40M,78.10M,61.30M,79.90M,83.30M,65.90M,40.70M,66.10M,46.00M,56.00M,37.00M,70.10M,101.90M,62.30M,42.80M,65.50M,59.70M,55.40M,53.00M,85.00M,56.80M,65.10M,98.10M,80.90M,102.50M,66.40M,67.50M,96.40M,69.60M,75.90M,54.40M,89.00M
Normalized Income,250.04M,318.88M,206.39M,308.68M,231.31M,289.38M,242.77M,269.55M,237.42M,260.37M,230.75M,259.46M,229.18M,265.32M,203.65M,244.15M,181.80M,235.92M,207.51M,253.25M,221.61M,234.61M,127.37M,235.96M,177.40M,209.50M,171.02M,228.09M,174.72M,207.63M,44.34M,99.26M,113.30M,89.04M,72.59M,107.50M,129.27M,93.35M,70.94M,80.97M,77.30M,58.66M,75.93M,95.45M,71.61M,59.02M,50.40M,48.65M,55.85M,42.59M,39.47M,67.89M,16.96M,96.79M,7.937M,-29.01M,-20.04M,-107.03M,-43.17M,-115.65M,-21.87M,-11.49M,23.36M,67.79M,-4.644M,42.28M,27.78M,61.24M,42.04M,30.54M,29.25M,28.43M,-501.46M,25.00M,41.96M,136.81M,64.06M,58.53M,16.41M,77.64M,35.38M,51.84M,4.94M,23.19M,-105.50M,-3.10M,13.22M,-17.90M,-6.70M,-51.70M,-61.54M,0.90M,-81.04M,2.98M,11.02M,67.90M,60.78M,90.60M,45.96M,95.38M,62.72M,69.76M,58.16M,93.72M,65.90M,49.70M,18.20M,64.40M,96.80M,63.30M,66.40M,76.50M,17.40M,78.10M,61.30M,79.90M,83.30M,65.90M,40.70M,66.10M,,,,,,,,,,,,,,,,,,,,,,,,
EBITDA,1.475B,832.66M,454.88M,811.59M,1.430B,784.12M,676.85M,725.78M,707.13M,1.017B,659.30M,733.42M,715.64M,704.80M,607.97M,664.53M,566.26M,642.36M,588.58M,667.04M,594.26M,605.98M,451.72M,620.16M,516.03M,557.31M,515.07M,581.69M,485.44M,561.70M,305.81M,304.00M,272.92M,280.44M,259.10M,314.48M,303.86M,280.70M,267.30M,305.05M,275.99M,259.66M,256.32M,320.14M,307.12M,297.86M,258.76M,242.44M,148.53M,257.27M,224.40M,285.98M,359.85M,178.26M,219.18M,174.60M,174.88M,96.39M,137.85M,1.738M,151.60M,176.45M,232.15M,309.84M,175.68M,284.77M,212.59M,316.27M,449.53M,283.14M,187.83M,254.96M,-379.72M,251.44M,277.51M,1.099B,328.52M,310.51M,273.80M,315.41M,567.30M,359.70M,192.47M,304.70M,-2.501B,974.40M,200.70M,958.90M,-2.662B,977.10M,88.60M,975.40M,117.90M,183.20M,209.80M,298.30M,419.30M,340.90M,290.10M,338.80M,296.10M,292.80M,286.90M,356.50M,901.90M,915.20M,853.80M,958.20M,867.70M,867.70M,718.70M,762.70M,722.80M,692.70M,637.00M,701.30M,891.30M,600.90M,526.40M,597.70M,574.10M,562.40M,510.20M,559.60M,527.90M,543.90M,469.90M,537.50M,346.90M,499.10M,491.70M,540.30M,513.20M,471.80M,497.20M,549.90M,534.00M,477.10M,479.00M,590.90M,529.20M,500.50M,482.10M,583.50M
Reconciled Depreciation,1.011B,-474.22M,258.03M,285.91M,1.002B,-415.28M,235.34M,249.46M,234.58M,493.52M,-75.13M,210.82M,255.38M,181.29M,176.51M,173.99M,-255.26M,167.88M,163.67M,163.84M,158.43M,153.21M,152.21M,150.81M,147.14M,149.10M,159.55M,154.98M,149.21M,144.47M,144.48M,80.84M,79.41M,75.20M,73.64M,73.95M,72.05M,70.95M,87.40M,70.33M,71.91M,87.62M,64.73M,98.67M,127.01M,131.10M,110.27M,96.61M,-58.03M,129.18M,104.58M,130.24M,281.22M,-81.15M,145.87M,118.03M,199.03M,175.73M,153.94M,127.98M,166.73M,88.32M,135.95M,137.05M,143.38M,157.46M,96.29M,152.24M,-171.80M,165.04M,71.73M,140.67M,129.51M,138.07M,135.99M,780.48M,155.44M,129.14M,113.77M,117.58M,,,,,,,,,,,,,,,,,,,,,,,,,,,,,,,,,,,,,,,,,,,,,,,,,,,,,,,,,,,,,,,,
EBIT,464.52M,536.21M,196.85M,525.68M,427.73M,482.74M,441.50M,476.32M,472.55M,523.79M,477.23M,522.60M,460.26M,523.51M,431.46M,490.55M,395.80M,474.48M,424.91M,503.20M,435.83M,452.77M,299.52M,469.36M,368.89M,408.21M,355.52M,426.71M,336.23M,417.23M,161.32M,223.17M,193.51M,205.25M,185.47M,240.53M,231.81M,209.75M,179.90M,234.72M,204.07M,172.04M,191.60M,221.46M,180.12M,166.76M,148.49M,145.83M,205.07M,123.33M,117.32M,155.73M,78.63M,76.38M,73.31M,7.437M,-24.15M,-85.67M,-16.09M,-126.24M,-15.13M,33.45M,96.20M,172.79M,32.30M,127.32M,103.70M,164.03M,132.77M,118.10M,94.05M,114.29M,-509.23M,113.38M,141.52M,318.31M,173.08M,177.34M,146.54M,197.83M,158.30M,166.90M,89.57M,110.70M,-2.501B,974.40M,93.90M,958.90M,-2.662B,977.10M,-13.00M,975.40M,-40.00M,80.80M,106.00M,193.10M,204.50M,238.20M,174.10M,236.90M,196.00M,211.40M,184.00M,250.60M,901.90M,915.20M,853.80M,958.20M,867.70M,867.70M,718.70M,762.70M,722.80M,692.70M,637.00M,701.30M,891.30M,600.90M,526.40M,597.70M,574.10M,562.40M,510.20M,559.60M,527.90M,543.90M,469.90M,537.50M,346.90M,499.10M,491.70M,540.30M,513.20M,471.80M,497.20M,549.90M,534.00M,477.10M,479.00M,590.90M,529.20M,500.50M,482.10M,583.50M
EPS Basic from Continuing Operations,0.77,0.98,0.10,0.97,0.73,0.91,0.76,0.85,0.75,0.82,0.72,0.82,0.72,0.83,0.64,0.77,0.57,0.74,0.65,0.80,0.69,0.74,0.40,0.75,0.56,0.66,0.54,0.72,0.55,0.66,0.15,0.56,0.63,0.51,0.44,0.64,0.73,0.57,0.41,0.49,0.48,0.37,0.47,0.60,0.46,0.47,0.37,0.38,0.47,0.32,0.30,0.50,0.23,0.67,0.09,-0.13,-0.01,-0.77,-0.30,-0.88,-0.10,-0.07,0.19,0.53,-0.42,0.35,0.21,0.47,0.16,0.38,0.22,0.14,0.37,0.26,0.35,0.93,0.37,0.46,0.09,0.55,-0.12,0.24,0.0022,0.14,-1.01,-0.02,0.05,-0.14,-0.2720,-0.24,-0.50,0.01,-0.60,0.01,0.09,0.51,0.50,0.71,0.34,0.69,0.52,0.52,0.49,0.77,0.62,0.37,0.14,0.48,0.42,0.47,0.50,0.63,0.43,0.60,0.46,0.63,0.6614,0.61,0.37,0.61,,0.52,0.37,0.56,,0.60,0.41,0.51,,0.51,0.49,0.78,,0.59,0.91,0.75,,0.63,0.63,0.92,,0.74,0.54,0.90
EPS Basic from Discontinued Operations,,,,,,,,,,,,,,,,,,,,,,,,,,,,,,,,,,0.00,0.00,0.00,,0.00,0.00,0.00,0.00,0.00,0.00,0.00,0.00,0.00,0.00,0.00,0.00,0.00,0.01,-0.01,2.03,0.05,0.05,0.06,-0.06,0.04,0.09,-0.03,0.36,0.01,0.00,0.00,0.38,-0.04,0.00,0.00,0.28,0.00,0.00,0.00,0.19,0.00,0.00,-0.15,-1.65,0.00,0.00,0.00,0.00,0.00,,0.00,0.00,0.00,0.00,0.00,,0.00,0.00,0.00,0.00,0.00,0.00,0.00,0.00,0.00,0.00,0.00,0.00,0.00,0.00,0.00,0.03,0.00,0.00,0.39,0.00,0.00,0.00,0.00,0.00,0.00,0.00,0.00,,0.00,0.00,0.00,0.00,-0.01,-0.03,0.09,0.0350,-0.03,-0.01,0.09,,0.00,0.00,0.00,,0.00,0.00,0.00,,0.00,0.00,0.00,,0.00,0.00,0.00
EPS Basic from Extraordinaries,,,,,,,,,,,,,,,,,,,,,,,,,,,,,,,,,,,,,,,,,,,,,,,,,,,,,,,,,,,,,,,,,0.00,0.00,,,,,,,0.00,,,0.00,,,,,,,,,,,,,,,,,,,,,,,,,,,,,0.00,,,0.00,,,,,,,,,,,,,,,,,,,,,,,,,,,,,,,,,,,,
Normalized Basic EPS,0.77,0.98,0.6473,0.97,0.73,0.91,0.76,0.85,0.75,0.82,0.72,0.82,0.72,0.83,0.64,0.77,0.57,0.74,0.65,0.80,0.69,0.74,0.40,0.75,0.56,0.66,0.54,0.72,0.55,0.66,0.15,0.56,0.63,0.5048,0.4136,0.6024,0.73,0.5294,0.4043,0.4603,0.4382,0.3350,0.4305,0.5863,0.4225,0.3822,0.3221,0.3173,0.3575,0.2710,0.2476,0.4358,0.0932,0.6229,0.0395,-0.1934,-0.1257,-0.8369,-0.3477,-0.9089,-0.1706,-0.0980,0.1742,0.5219,-0.3897,0.3257,0.2063,0.4672,0.0398,0.2298,0.2124,0.2048,-3.843,0.1804,0.3144,0.9266,0.4282,0.3920,0.0921,0.5374,0.2276,0.3549,-0.0073,0.1309,-1.01,-0.02,0.0510,-0.14,-0.2720,-0.24,-0.5391,0.01,-0.7032,-0.0511,0.0211,0.4633,0.4077,0.6505,0.3019,0.6498,0.4175,0.4702,0.3798,0.6674,0.62,0.37,0.14,0.48,0.42,0.47,0.50,0.63,0.43,0.60,0.46,0.63,0.6614,0.61,0.37,0.61,,0.52,0.37,0.56,,0.60,0.41,0.51,,0.51,0.49,0.78,,0.59,0.91,0.75,,0.63,0.63,0.92,,0.74,0.54,0.90
EPS Basic,0.77,0.98,0.10,0.97,0.73,0.91,0.76,0.85,0.75,0.82,0.72,0.82,0.72,0.83,0.64,0.77,0.57,0.74,0.65,0.80,0.69,0.74,0.40,0.75,0.56,0.66,0.54,0.72,0.55,0.66,0.15,0.56,0.63,0.51,0.44,0.64,0.73,0.57,0.41,0.49,0.48,0.37,0.47,0.60,0.46,0.47,0.37,0.38,0.47,0.32,0.31,0.49,2.26,0.72,0.14,-0.07,-0.08,-0.73,-0.21,-0.91,0.26,-0.06,0.19,0.53,-0.08,0.31,0.21,0.47,0.44,0.38,0.22,0.14,0.39,0.26,0.35,0.78,-1.28,0.46,0.09,0.55,-0.12,0.24,0.0022,0.14,-1.01,-0.02,0.05,-0.14,-0.2720,-0.24,-0.50,0.01,-0.60,0.01,0.09,0.51,0.50,0.71,0.34,0.69,0.52,0.52,0.49,0.77,0.65,0.37,0.14,0.87,0.42,0.47,0.50,0.63,0.43,0.60,0.46,0.63,0.6614,0.61,0.37,0.61,0.00,0.51,0.34,0.65,0.0350,0.57,0.40,0.60,,0.51,0.49,0.78,,0.59,0.91,0.75,,0.63,0.63,0.92,,0.74,0.54,0.90
EPS Diluted from Continuing Operations,0.76,0.98,0.10,0.97,0.73,0.91,0.76,0.85,0.75,0.82,0.72,0.8156,0.72,0.83,0.64,0.77,0.57,0.74,0.65,0.80,0.69,0.74,0.40,0.74,0.56,0.66,0.54,0.72,0.55,0.66,0.15,0.56,0.63,0.51,0.44,0.64,0.73,0.57,0.41,0.49,0.48,0.37,0.47,0.60,0.46,0.47,0.37,0.38,0.47,0.32,0.30,0.50,0.23,0.67,0.09,-0.13,-0.01,-0.77,-0.30,-0.88,-0.10,-0.07,0.1872,0.5266,-0.42,0.3455,0.21,0.47,0.16,0.3751,0.22,0.14,0.3358,0.26,0.35,0.93,0.37,0.45,0.08,0.55,-0.1210,0.24,0.0022,0.14,-1.01,-0.02,0.05,-0.14,-0.2720,-0.24,-0.50,0.01,-0.60,0.01,0.09,0.51,0.50,0.71,0.34,0.69,0.52,0.52,0.49,0.77,0.62,0.37,0.14,0.48,0.42,0.47,0.50,0.63,0.43,0.60,0.46,0.63,0.6614,0.61,0.37,0.61,,0.52,0.37,0.56,,0.60,0.41,0.51,,0.51,0.49,0.78,,0.59,0.91,0.75,,0.63,0.63,0.92,,0.74,0.54,0.90
EPS Diluted from Discontinued Operations,,,,,,,,,,,,,,,,,,,,,,,,,,,,,,,,,,0.00,0.00,0.00,,0.00,0.00,0.00,0.00,0.00,0.00,0.00,0.00,0.00,0.00,0.00,0.00,0.00,0.01,-0.01,2.02,0.05,0.05,0.06,-0.06,0.04,0.0825,-0.03,0.36,0.01,0.00,0.00,0.38,-0.04,0.00,0.00,0.28,0.00,0.00,0.00,0.19,0.00,0.00,-0.15,-1.65,0.00,0.00,0.00,0.00,0.00,,0.00,0.00,0.00,0.00,0.00,,0.00,0.00,0.00,0.00,0.00,0.00,0.00,0.00,0.00,0.00,0.00,0.00,0.00,0.00,0.00,0.03,0.00,0.00,0.39,0.00,0.00,0.00,0.00,0.00,0.00,0.00,0.00,,0.00,0.00,0.00,0.00,-0.01,-0.03,0.09,0.0350,-0.03,-0.01,0.09,,0.00,0.00,0.00,,0.00,0.00,0.00,,0.00,0.00,0.00,,0.00,0.00,0.00
EPS Diluted from Extraordinaries,,,,,,,,,,,,,,,,,,,,,,,,,,,,,,,,,,,,,,,,,,,,,,,,,,,,,,,,,,,,,,,,,0.0000,-0.0373,,,,,,,-0.0018,,,-0.1559,,,,,,,,,,,,,,,,,,,,,,,,,,,,,0.0329,,,0.3874,,,,,,,,,,,,,,,,,,,,,,,,,,,,,,,,,,,,
Normalized Diluted EPS,0.76,0.98,0.6460,0.97,0.73,0.91,0.76,0.85,0.75,0.82,0.72,0.8156,0.72,0.83,0.64,0.77,0.57,0.74,0.65,0.80,0.69,0.74,0.40,0.74,0.56,0.66,0.54,0.72,0.55,0.66,0.15,0.56,0.63,0.5048,0.4136,0.6025,0.73,0.5295,0.4043,0.4603,0.4382,0.3352,0.4306,0.5863,0.4226,0.3825,0.3222,0.3174,0.3579,0.2712,0.2478,0.4361,0.0935,0.6230,0.0396,-0.1934,-0.1257,-0.8369,-0.3477,-0.9089,-0.1705,-0.0980,0.1714,0.5185,-0.3897,0.3212,0.2063,0.4672,0.0398,0.2250,0.2124,0.2047,-3.873,0.1806,0.3145,0.9266,0.4275,0.3830,0.0819,0.5374,0.2202,0.3549,-0.0073,0.1309,-1.01,-0.02,0.0510,-0.14,-0.2720,-0.24,-0.5391,0.01,-0.7025,-0.0511,0.0211,0.4633,0.4077,0.6505,0.3019,0.6498,0.4175,0.4702,0.3798,0.6674,0.62,0.37,0.14,0.48,0.42,0.47,0.50,0.63,0.43,0.60,0.46,0.63,0.6614,0.61,0.37,0.61,,0.52,0.37,0.56,,0.60,0.41,0.51,,0.51,0.49,0.78,,0.59,0.91,0.75,,0.63,0.63,0.92,,0.74,0.54,0.90
EPS Diluted,0.76,0.98,0.10,0.97,0.73,0.91,0.76,0.85,0.75,0.82,0.72,0.8156,0.72,0.83,0.64,0.77,0.57,0.74,0.65,0.80,0.69,0.74,0.40,0.74,0.56,0.66,0.54,0.72,0.55,0.66,0.15,0.56,0.63,0.51,0.44,0.64,0.73,0.57,0.41,0.49,0.48,0.37,0.47,0.60,0.46,0.47,0.37,0.38,0.47,0.32,0.31,0.49,2.25,0.72,0.14,-0.07,-0.08,-0.73,-0.2139,-0.91,0.26,-0.06,0.1872,0.5266,-0.08,0.3082,0.21,0.47,0.44,0.3751,0.22,0.14,0.3307,0.26,0.35,0.7772,-1.28,0.45,0.08,0.55,-0.1210,0.24,0.0022,0.14,-1.01,-0.02,0.05,-0.14,-0.2720,-0.24,-0.50,0.01,-0.60,0.01,0.09,0.51,0.50,0.71,0.34,0.69,0.52,0.52,0.49,0.77,0.65,0.37,0.14,0.87,0.42,0.47,0.50,0.63,0.43,0.60,0.46,0.63,0.6614,0.61,0.37,0.61,0.00,0.51,0.34,0.65,0.0350,0.57,0.40,0.60,,0.51,0.49,0.78,,0.59,0.91,0.75,,0.63,0.63,0.92,,0.74,0.54,0.90
Average Basic Shares Outstanding,324.34M,324.04M,319.66M,317.62M,317.38M,317.36M,317.34M,317.40M,317.40M,317.39M,317.39M,317.46M,317.51M,317.79M,317.79M,317.52M,317.46M,317.45M,317.61M,317.09M,316.72M,316.34M,315.95M,315.53M,315.67M,315.29M,315.15M,315.13M,314.93M,314.81M,301.05M,178.06M,177.61M,177.50M,177.35M,177.19M,176.87M,176.75M,176.57M,176.35M,177.40M,175.36M,175.18M,162.34M,155.76M,155.61M,155.48M,155.29M,155.02M,154.93M,154.73M,154.35M,154.12M,153.88M,153.63M,153.44M,137.80M,129.96M,129.52M,129.28M,128.79M,128.28M,128.03M,127.88M,127.53M,127.17M,126.75M,127.01M,128.08M,129.34M,129.68M,129.50M,131.17M,133.54M,133.91M,143.91M,143.71M,143.54M,143.28M,135.67M,131.71M,130.00M,132.14M,132.14M,120.29M,155.00M,126.00M,127.86M,136.86M,215.42M,128.80M,136.05M,127.25M,110.00M,128.89M,128.43M,128.08M,126.06M,124.41M,125.07M,124.63M,125.19M,124.69M,124.55M,91.95M,134.32M,130.00M,133.45M,185.38M,134.68M,110.60M,105.08M,119.25M,111.83M,110.65M,109.21M,109.62M,89.67M,78.65M,89.67M,108.67M,108.67M,108.67M,108.67M,108.67M,108.67M,108.67M,108.67M,108.67M,108.67M,108.67M,108.67M,108.67M,108.63M,108.23M,107.21M,107.28M,106.51M,105.88M,104.53M,104.53M,102.78M,102.78M,99.88M
Average Diluted Shares Outstanding,327.05M,326.01M,320.39M,318.32M,318.13M,317.97M,317.89M,317.99M,318.11M,317.95M,317.95M,318.12M,318.28M,318.58M,318.48M,318.48M,318.54M,318.41M,318.56M,318.49M,318.11M,317.55M,317.11M,316.89M,316.66M,316.22M,315.96M,316.00M,315.91M,315.81M,301.82M,178.44M,178.28M,177.84M,177.63M,177.48M,177.26M,177.01M,176.74M,176.54M,177.40M,176.00M,175.68M,162.93M,156.28M,156.10M,155.90M,155.72M,155.59M,155.42M,155.21M,154.99M,154.48M,154.32M,153.92M,153.44M,137.80M,129.96M,129.52M,129.28M,128.89M,128.28M,128.18M,128.06M,127.70M,127.30M,126.86M,127.11M,128.08M,129.51M,129.99M,129.75M,131.30M,133.87M,134.15M,144.31M,145.38M,145.65M,152.58M,135.67M,134.18M,130.00M,132.14M,132.14M,120.29M,155.00M,126.00M,127.86M,136.86M,215.42M,128.80M,136.05M,128.20M,110.00M,128.89M,128.43M,128.08M,126.06M,124.41M,125.07M,124.63M,125.19M,124.69M,124.55M,91.95M,134.32M,130.00M,133.45M,185.38M,134.68M,110.60M,105.08M,119.25M,111.83M,110.65M,109.21M,109.62M,89.67M,78.65M,89.67M,108.67M,108.67M,108.67M,108.67M,108.67M,108.67M,108.67M,108.67M,108.67M,108.67M,108.67M,108.67M,108.67M,108.63M,108.23M,107.21M,107.28M,106.51M,105.88M,104.53M,104.53M,102.78M,102.78M,99.88M
Dividend Per Share,0.535,0.535,0.535,0.535,0.505,0.505,0.505,0.505,0.475,0.475,0.475,0.475,0.445,0.445,0.445,0.445,0.4175,0.4175,0.4175,0.4175,0.393,0.393,0.3925,0.3925,0.3675,0.3675,0.3675,0.3675,0.343,0.343,0.343,0.2938,0.275,0.275,0.275,0.275,0.2562,0.2562,0.2562,0.2562,0.2375,0.2375,0.2375,0.2375,0.2125,0.2125,0.20,0.20,0.20,0.20,0.1875,0.1875,0.1875,0.1875,0.175,0.175,0.175,0.175,0.1625,0.1625,0.1625,0.1625,0.15,0.15,0.15,0.15,0.1375,0.1375,0.1375,0.1375,0.125,0.125,0.125,0.125,0.10,0.10,0.10,0.10,0.10,0.10,0.10,0.00,0.00,0.00,0.00,0.00,0.00,0.00,0.00,0.00,0.00,0.25,0.25,0.25,0.44,0.44,0.44,0.44,0.44,0.44,0.44,0.44,0.44,0.44,0.44,0.44,0.44,0.44,0.44,0.44,0.44,0.44,0.44,0.44,0.44,0.44,0.44,0.44,0.44,0.44,0.44,0.44,,,,,,,,,,,,,,,,,,,,,,
As Originally Reported,AOR,AOR,AOR,AOR,AOR,AOR,AOR,AOR,AOR,AOR,AOR,AOR,AOR,AOR,AOR,AOR,AOR,AOR,AOR,AOR,AOR,AOR,AOR,AOR,AOR,AOR,AOR,AOR,AOR,AOR,AOR,AOR,AOR,AOR,AOR,AOR,AOR,AOR,AOR,AOR,AOR,AOR,AOR,AOR,AOR,,,,,,,,,,,,,,,,,,,,,,,,,,,,,,,,,,,,,,,,,,,,,,,,,,,,,,,,,,,,,,,,,,,,,,,,,,,,,,,,,,,,,,,,,,,,,,,,,,,
Restated,,,,,Restated,Restated,Restated,Restated,Restated,Restated,Restated,Restated,Restated,Restated,Restated,Restated,Restated,Restated,Restated,Restated,Restated,Restated,Restated,Restated,Restated,Restated,Restated,Restated,Restated,Restated,Restated,Restated,Restated,Restated,Restated,Restated,Restated,Restated,Restated,Restated,Restated,Restated,Restated,Restated,Restated,Restated,Restated,Restated,Restated,,,,,,,,,,,,,,,,,,,,,,,,,,,,,,,,,,,,,,,,,,,,,,,,,,,,,,,,,,,,,,,,,,,,,,,,,,,,,,,,,,,,,,,,,,,,,,,
